3472 5648
743 564 786 572 -
837 521 884 596 43
937 564 981 572 ..

278 670 379 743 rebus
405 670 474 743 sttt
493 678 652 766 parceret
679 671 778 754 istie·
803 695 832 741 v.
863 668 951 758 151,
979 670 1068 763 pipat
1099 667 1204 740 ecitir'
1224 690 1278 739 ote
1303 667 1450 764 denique

278 797 403 880 nostri,·
421 821 450 868 v.
473 797 557 884 579,
576 810 770 867 remoratur
789 794 915 867 ibidem
922 820 934 879 ,·
949 819 978 867 v.
995 795 1078 885 659,
1093 794 1281 890 spoliarier
1294 818 1317 865 e
1333 806 1376 867 te.
1393 793 1450 868 Sic

280 942 418 1017 quoque
436 919 473 992 in
501 919 665 992 clausulis
688 942 849 993 versuum
867 943 897 990 v.
920 916 1003 1007 347,
1026 917 1086 990 sed
1105 941 1200 1003 rom,·
1223 944 1253 990 v.
1276 917 1361 1008 198,
1383 941 1451 992 nore

279 1045 370 1129 vult·
382 1070 410 1115 v.
432 1043 540 1134 1159,
559 1042 712 1138 applicet
727 1054 837 1139 etque.

328 1167 451 1240 Verbis
466 1167 673 1262 quibusdam
690 1190 782 1261 quae,
800 1189 909 1262 quum
932 1166 1047 1238 minus
1063 1167 1255 1240 necessaria
1276 1166 1449 1255 videntur,

282 1293 324 1366 ad
343 1291 590 1389 complendum
605 1303 720 1365 autem
735 1314 920 1365 numerum
933 1315 1092 1364 versuum
1108 1291 1343 1365 commodiora
1354 1302 1449 1378 sunt,

283 1417 561 1515 frequentissime
578 1419 697 1508 utitur,
723 1429 762 1490 nt
786 1429 886 1491 sunt:
912 1416 1022 1513 volpe,
1044 1418 1144 1511 sorte,
1173 1416 1281 1504 modo,
1309 1419 1446 1511 forsan,

282 1543 418 1640 quippe,
447 1543 603 1638 denique,
633 1554 698 1615 etc.
718 1541 778 1614 Ex.
797 1567 804 1612 :
835 1566 864 1613 v,
893 1542 951 1632 68,
968 1539 1111 1613 Foedere
1126 1540 1206 1637 plue
1223 1541 1322 1638 cupio
1345 1563 1452 1637 quom

281 1665 406 1760 proelio
430 1677 563 1739 mettere
585 1665 684 1758 retpo
707 1664 764 1762 (cf.
790 1689 820 1736 v.
846 1664 951 1760 110);
968 1664 1074 1755 1061,
1096 1663 1161 1737 Not
1186 1665 1260 1738 eine
1277 1666 1454 1761 permisso

282 1791 382 1863 rotor
410 1790 464 1863 oet
487 1789 634 1887 deniqne
660 1791 774 1873 tusam·
797 1814 826 1861 v.
843 1791 927 1879 131,
946 1788 1031 1886 quid
1046 1790 1156 1861 rtoctrt'
1174 1789 1262 1882 [orte
1273 1801 1456 1884 poreotee,·

282 1941 314 1987 v.
337 1916 422 2004 438,
442 1915 651 2011 reliquorum
665 1916 790 2012 quippe
806 1916 979 2008 rteopt'etro,
996 1925 1062 1987 etc.

334 2040 403 2125 Qui
418 2039 482 2113 loci
500 2063 608 2135 quum
622 2039 764 2113 omnino
780 2039 976 2114 barbariem
992 2039 1165 2112 inferioris
1179 2039 1240 2111 oevi
1256 2037 1363 2129 olent,
1381 2051 1456 2112 tum

284 2188 323 2239 ex
352 2162 428 2236 aliis
457 2163 543 2237 locis
570 2161 704 2236 videtur
731 2163 860 2237 certius
892 2164 1029 2237 elucere
1055 2175 1213 2237 nostrum
1247 2186 1456 2257 germanum

284 2312 371 2379 esse.
391 2288 530 2360 Primus
544 2287 688 2377 Grimm,
712 2300 750 2360 nt
771 2289 808 2360 in
825 2310 997 2378 sermone,
1020 2288 1069 2360 sic
1090 2287 1125 2358 in
1146 2311 1183 2360 re
1197 2287 1343 2360 metrica
1359 2294 1464 2383 qnae·'

285 2413 366 2486 dam
394 2411 521 2485 indicia
550 2411 760 2509 comperisse
789 2411 854 2485 sihi
878 2411 970 2485 visus
989 2423 1052 2498 cst,
1075 2411 1302 2498 monstrantia
1329 2435 1456 2508 poema

285 2550 442 2612 nostrum
463 2539 532 2612 sive
547 2537 684 2612 fidelius
700 2537 769 2610 sive
792 2538 936 2610 liberius
956 2538 1191 2634 egermanico
1207 2537 1358 2633 quodam
1379 2559 1457 2610 car-

284 2663 378 2736 mine
406 2685 542 2736 versum
568 2685 655 2735 esse.
685 2661 806 2757 Neque
829 2662 896 2735 hoc
916 2661 1057 2752 mirum,
1082 2662 1111 2734 si
1133 2661 1274 2758 quidem
1302 2685 1457 2758 perpen-

286 2787 378 2859 deris
394 2809 497 2882 qnam
516 2784 639 2858 similis
660 2785 704 2856 sit
717 2785 913 2858 hexameter
929 2783 1116 2880 antiquiori
1137 2784 1186 2856 itti
1200 2784 1458 2859 Germanorum

285 2911 412 3002 versui,
430 2910 487 2982 cui
514 2908 679 3006 lonpzet‘te
698 2931 826 2982 nomen
840 2921 901 2982 est.
924 2909 1084 2994 Quamvis
1104 2909 1197 2984 enim
1220 2919 1356 2982 constet
1378 2934 1458 2982 ver·

287 3059 389 3110 snum
406 3036 592 3108 decursum
609 3035 799 3107 Germanos
810 3059 827 3102 o
838 3033 1006 3130 rythmice
1017 3059 1049 3124 r,
1065 3033 1205 3106 Latinos
1221 3045 1341 3106 contra
1355 3061 1373 3101 o
1387 3058 1460 3108 me-

289 3159 376 3234 trice
396 3186 413 3229 r
432 3158 560 3248 metiri,
581 3158 648 3231 hoc
672 3168 787 3229 tamen
813 3169 847 3230 et
868 3158 1066 3230 hexameter
1091 3168 1124 3231 et
1149 3181 1268 3230 versus
1292 3157 1461 3253 lorpzeo'le

288 3284 401 3359 dictus
420 3284 511 3357 inter
526 3305 562 3356 se
576 3281 705 3354 habent
720 3304 915 3371 commune,
938 3283 1030 3378 quod
1052 3292 1199 3378 uterque
1222 3282 1355 3355 duabus
1375 3306 1458 3379 par·

288 3407 381 3481 tibus
400 3417 546 3496 constat,
571 3428 667 3478 mora
688 3405 836 3500 quadam
857 3416 890 3477 et
914 3405 1011 3500 quasi
1034 3407 1183 3478 statione
1207 3404 1335 3479 divisis.
1353 3405 1459 3480 Unde

289 3533 469 3629 percipere
489 3533 619 3628 poteris
635 3553 738 3626 quam
757 3529 857 3603 facile
877 3541 968 3604 esset
982 3531 1216 3620 transferenti,
1237 3531 1361 3603 latinos
1380 3555 1459 3605 ver-

290 3681 348 3730 sus
363 3657 406 3730 ad
426 3655 707 3752 germanicorum
725 3653 909 3748 imaginem
926 3668 960 3728 et
986 3654 1159 3751 exemplar
1173 3655 1347 3749 effingere.
1363 3656 1459 3742 Quin

276 3781 358 3854 ‘imo
389 3780 576 3854 nonnullos
605 3802 723 3852 versus
747 3779 880 3852 Grimm
904 3779 1164 3876 deprehendere
1189 3779 1254 3852 sihi
1277 3779 1371 3853 visus
1393 3792 1458 3872 est,

290 3927 377 4000 quos
401 3927 471 3976 non
488 3925 587 3976 secus
601 3925 641 3976 ac
656 3903 872 3999 germanicos
889 3926 1006 3976 versus
1022 3901 1189 4000 rythmice
1204 3903 1320 3976 metiri
1331 3904 1459 3999 possin,

291 4038 439 4123 quatuor
458 4027 493 4098 in
519 4037 665 4122 utraque
689 4038 785 4123 parte
810 4026 948 4123 syllabis
970 4037 1116 4100 accentu
1143 4027 1280 4101 notatis.
1307 4028 1367 4102 Ex.
1383 4051 1461 4123 gr.;

288 4175 317 4225 v.
334 4150 381 4225 16

398 4354 530 4433 Namque
544 4358 656 4415 morem
670 4356 773 4430 ptrett
787 4358 871 4430 qotm
889 4355 1033 4415 Goothdrt'
1047 4355 1184 4416 voettootr
1193 4359 1211 4416 ¹,

292 4498 332 4506 --
339 4495 500 4504 ..—-·—---·-1

330 4573 353 4624 l.
370 4570 469 4639 Grtnrm,
492 4570 664 4634 Wotthorr'er,
681 4584 706 4633 p.
725 4570 783 4621 tot.
