3472 5648
670 573 888 644 ..3-

197 739 236 802 ut
257 753 333 805 seso
359 755 439 804 cum
459 731 572 829 puella
595 745 814 830 transponat3
834 747 867 809 et
891 759 954 832 pro
975 737 1079 811 nauto
1101 738 1214 834 pisces
1232 736 1362 833 aliquot

196 866 296 928 antea
323 865 442 952 captos
467 857 584 930 donat.
610 857 704 942 Quos
737 860 904 955 postridie
932 861 1082 956 portitor
1110 861 1217 956 regali
1250 843 1361 958 coquo

195 979 284 1069 tulit,
313 980 385 1076 rogi
418 982 657 1078 apponendos,
689 983 760 1055 Rex
790 995 918 1074 autem,
943 1008 1023 1058 cum
1058 985 1141 1059 tales
1170 984 1362 1058 inFrancia

195 1104 352 1177 nondum
366 1104 520 1193 vidisset,
537 1104 683 1178 miratur
698 1116 732 1178 et
746 1105 892 1202 inquirit
907 1107 1002 1204 cujas
1012 1109 1117 1182 homo
1128 1108 1361 1182 eosattulerit.

196 1225 392 1301 Advocatus
406 1229 555 1324 portitor
569 1230 783 1304 mentionem
799 1231 881 1303 iacit
908 1231 1025 1304 herois
1041 1242 1075 1305 et
1098 1230 1252 1326 virginis,
1274 1233 1362 1305 duo-

198 1373 347 1447 rumque
379 1351 589 1425 scriniorum
618 1375 706 1449 quae,
740 1352 924 1426 incedente
960 1376 1062 1449 equo,
1089 1377 1306 1450 gemmarum
1330 1365 1365 1427 et

198 1474 273 1546 auri
299 1476 452 1548 sonitum
481 1473 670 1549 dedissent.

249 1599 324 1684 Quo
339 1599 469 1690 audito,
485 1599 645 1697 Hagano:
665 1626 682 1670 <r
697 1600 918 1696 congaudete
933 1600 1037 1672 mihi!
1052 1627 1069 1670 u
1091 1600 1226 1691 clamat,

307 1847 322 1886 u
338 1826 518 1890 Waltharius
533 1828 645 1906 collega
662 1847 746 1890 meus
761 1829 903 1890 remeavit
912 1829 948 1890 ab
963 1829 1096 1891 Hunnis!
1115 1850 1130 1890 a

248 2067 517 2140 mmmm:

347 2321 363 2361 u
379 2301 565 2380 congaudete
580 2302 653 2362 mihi
664 2301 771 2381 jubeo,
787 2302 855 2380 quia
871 2303 939 2363 tatia
953 2303 1030 2364 uixi!

345 2397 450 2462 Gazam
466 2415 553 2478 quam
569 2397 693 2461 Gibicho
709 2398 770 2476 regi
786 2399 948 2460 transmisit
963 2419 1030 2476 eoo,

343 2495 425 2557 Hanc
440 2512 518 2556 nunc
533 2494 738 2575 cunctipotens
752 2495 811 2556 huc
826 2495 858 2556 in
873 2513 938 2557 moa
954 2513 1044 2574 regna
1058 2495 1183 2558 remisit.
1202 2517 1217 2557 a

248 2706 322 2778 Nec
349 2727 457 2795 mora,
475 2727 632 2778 mensam
661 2705 749 2802 pede
773 2705 972 2802 percutiens
996 2705 1225 2804 exsiliensque
1250 2708 1365 2796 domo,

200 2853 328 2926 equum
341 2829 442 2926 jubet
457 2828 584 2902 adduci
600 2840 634 2901 et
650 2827 835 2902 duodecim
848 2829 939 2902 viros
950 2830 1033 2926 legit
1050 2831 1174 2904 virtute
1189 2831 1365 2927 probatos

201 2954 410 3050 quibuscum
424 2953 615 3048 fugientem
629 2953 862 3029 Waltharium
881 2965 1119 3050 persequatur.
1136 2957 1280 3045 Frustra
1300 2956 1366 3048 Ha÷

199 3101 289 3174 gano
309 3079 460 3174 antiquae
477 3076 558 3150 fidei
577 3087 681 3173 atque
702 3076 965 3150 consuetudinis
979 3101 1124 3168 memor,
1140 3102 1206 3152 nec
1224 3079 1367 3173 ignarus

201 3205 335 3278 virtutis
353 3203 547 3293 Waltharii,
564 3225 681 3300 regem
696 3203 739 3277 ab
756 3203 893 3299 incepto
907 3213 1060 3276 avertere
1076 3204 1277 3278 conabatur.

248 3327 459 3430 Wattharius
474 3326 604 3401 interea
619 3327 663 3399 ad
682 3327 807 3401 saltum
831 3326 1026 3415 devenerat,
1051 3327 1109 3421 qui
1134 3327 1290 3424 Vosagus
1308 3351 1366 3400 vo-

202 3451 364 3541 cabatur;
386 3449 444 3523 hic
462 3461 561 3524 erant
587 3451 657 3524 duo
680 3460 817 3523 montes
841 3450 932 3524 inter
950 3473 1037 3546 quos
1057 3461 1225 3551 angustus
1241 3474 1367 3546 specus

163 3650 169 3658 ,
204 3573 368 3665 exstabat,
383 3573 509 3647 vertice
526 3597 687 3649 saxorum
708 3583 903 3671 superatus.

250 3699 341 3772 Dum
357 3699 394 3771 in
418 3699 486 3771 hou
510 3699 649 3796 oppido,
676 3697 833 3795 deposito
856 3687 1032 3790 armorum
1054 3698 1220 3794 pondere,
1234 3697 1370 3794 juvenis

189 3824 292 3897 >sessa
307 3821 465 3897 membra
480 3844 602 3895 somno
614 3821 758 3910 levabat,
770 3821 916 3918 vigilans
925 3845 1005 3894 vero
1018 3824 1131 3919 puella
1143 3822 1258 3896 omnia
1271 3835 1370 3896 caute

204 3943 520 4042 circumspiciebat,
537 3945 751 4020 Guntharius
762 3945 903 4038 vestigia
919 3945 955 4016 in
966 3945 1106 4042 pulvere
1122 3953 1275 4033 secutus,
1288 3967 1368 4016 cum

203 4077 338 4140 caterva
378 4067 689 4164 appropinquabat.
723 4065 992 4163 Expergefactus
1030 4088 1049 4136 a
1087 4064 1220 4159 virgine
1261 4065 1373 4162 surgit

202 4175 428 4282 Waltharius,
445 4191 534 4263 etad
549 4213 701 4286 pugnam
720 4213 756 4263 se
775 4189 934 4287 accingit.

253 4313 396 4387 Frustra
419 4297 573 4407 Hagano‚
599 4312 660 4387 ubi
676 4312 830 4386 sodalem
849 4321 929 4384 ante
949 4333 1092 4407 specum
1116 4319 1265 4382 stantem
1286 4330 1371 4381 cou-

203 4436 325 4534 spoxit,
351 4439 478 4510 iterum
507 4445 611 4530 atque
631 4435 758 4508 iterum
784 4428 903 4530 regom
924 4434 1061 4507 monuit
1078 4444 1117 4506 ut
1131 4431 1235 4504 talem
1259 4429 1381 4504 virum

202 4559 310 4634 armis
327 4560 497 4634 lacessere
520 4536 713 4632 desisteret.
742 4559 838 4632 Caeca
864 4555 1054 4654 cupiditate
1075 4566 1194 4653 raptus
1216 4557 1372 4628 Guntha-
