3472 5648
751 528 989 601 ,96-

338 692 458 789 Neque
477 693 669 790 quidquam
685 695 903 769 manifestius
919 696 1053 770 additas
1074 696 1150 770 ilias
1172 707 1206 770 et
1230 696 1454 793 interpositas

288 815 453 890 lectiones
475 817 637 906 ostendit,
660 841 762 914 quarn
785 841 920 893 errores
943 819 980 892 in
1000 843 1088 916 quus
1107 818 1235 915 singuli
1262 819 1396 893 librarii
1419 821 1455 893 iu

288 939 494 1035 quibusdam
524 939 609 1014 lucis
634 939 844 1014 inciderunt.
871 943 1007 1016 Etenim
1028 966 1098 1014 uun
1121 942 1226 1016 semel
1254 943 1292 1015 sit
1319 956 1356 1016 ut
1385 928 1462 1016 uun

287 1062 369 1135 satis
386 1062 624 1137 discernentes
642 1087 718 1160 quae
737 1065 837 1138 verba
862 1066 904 1138 ad
932 1089 1034 1139 unaru
1055 1065 1251 1156 lectionem,
1276 1089 1395 1163 qnaeve
1411 1067 1451 1140 ad

288 1186 431 1260 alterurn
456 1187 684 1283 pertinerent,
706 1186 916 1283 sarragiueru
931 1190 1115 1286 quarudaru
1135 1189 1313 1263 edicerent
1327 1189 1451 1264 utrius·

290 1333 367 1405 que,
387 1309 456 1384 imo
477 1310 629 1407 plurium
644 1311 844 1386 lectionum.

336 1435 372 1508 V.
391 1433 498 1525 tant,
519 1458 599 1509 cunr
611 1435 646 1507 in
657 1436 832 1508 cururuuni
850 1438 944 1510 t'unte
955 1459 1036 1510 curn
1051 1420 1104 1511 bis
1121 1436 1327 1512 lectionibus
1344 1437 1448 1511 reser-

284 1568 399 1631 retur:

394 1790 461 1851 dccc
473 1795 541 1850 tuce
555 1791 613 1850 ce'to
627 1790 818 1867 preprundca
833 1790 1073 1853 adamnanum
1091 1788 1111 1851 D

395 1939 401 1951 .
433 1939 440 1954 .
474 1939 480 1951 .
514 1939 521 1951 .
554 1888 615 1948 acic
643 1935 809 1952 .....
829 1887 862 1947 iu
877 1905 1000 1965 cor-porc
1084 1886 1109 1948 A

333 2144 351 2198 t
368 2116 473 2192 mixta
487 2129 632 2215 utraque
652 2117 801 2192 lectione
816 2116 938 2191 scribit
952 2115 1160 2192 absurdius:

392 2398 397 2410 .
429 2399 435 2412 .
469 2401 475 2413 .
509 2347 598 2410 ‚acic
625 2395 791 2411 .....
814 2347 966 2408 ostendito.

334 2582 372 2653 V.
390 2579 462 2655 aud
477 2601 494 2651 a
511 2577 656 2675 singulis
671 2575 769 2650 libris
783 2576 911 2650 uostris
929 2576 979 2650 sic
994 2576 1161 2649 refertur:

391 2807 516 2883 Pcatquc
530 2807 633 2884 cputua
647 2811 799 2883 aaacmptc
818 2805 900 2882 quiea
921 2820 1084 2882 mersaeque
1103 2808 1222 2865 remote
1236 2802 1259 2866 D

390 2905 546 2982 Postquam
562 2904 657 2981 epulis
685 2949 1207 2967 ..............
1237 2900 1262 2962 Α

390 3002 514 3080 Postque
528 3002 622 3079 epulis
644 3047 1207 3065 ...............
1239 2997 1261 3062 C

390 3101 548 3178 Postquam
563 3099 659 3177 cputia
673 3099 796 3176 cepaea
811 3100 907 3176 sames
922 3098 1096 3174 sublataque
1111 3115 1214 3159 mecca
1239 3093 1326 3176 1171.

331 3355 465 3443 Quibus
477 3377 557 3428 curn
568 3353 776 3428 lectionibus
793 3354 820 3427 si
838 3353 1034 3449 virgilianus
1049 3375 1168 3426 versus
1184 3350 1400 3427 contuleris:

386 3587 543 3662 Postquam
558 3591 694 3663 cucmpta
709 3587 807 3663 fumea
821 3586 917 3662 apulia
932 3602 1094 3663 mersaeque
1110 3591 1228 3647 remote
1239 3595 1301 3662 (du.
1313 3598 1331 3661 1,
1345 3595 1415 3663 216)

387 3684 546 3762 Postquam
558 3684 659 3761 primu
675 3685 758 3762 quiea
773 3683 869 3761 epulis
889 3730 1214 3749 .........
1232 3695 1295 3764 (itu.
1312 3697 1331 3765 1,
1349 3699 1414 3760 723)

279 3931 462 4006 manifesto
479 3930 541 4004 tibi
558 3930 747 4028 apparebit,
759 3929 910 4003 librariis
919 3928 1027 4002 tuisse
1038 3940 1117 4003 ante
1127 3927 1248 4003 oculus
1257 3939 1455 4028 utrumque
1561 3922 1565 3931 ’

280 4057 498 4155 virgilianum
523 4057 637 4130 locuni
667 4079 780 4152 neque
809 4056 952 4128 sortasse
978 4054 1059 4128 satis
1086 4053 1200 4127 lucide
1221 4053 1454 4146 distinctum,

279 4184 324 4255 itu
348 4194 386 4254 ut
407 4205 447 4255 ex
469 4192 616 4275 utruque
641 4179 787 4276 quisque
813 4178 904 4276 quud
921 4177 987 4252 sibi
1006 4177 1174 4275 placuerit
1189 4186 1374 4268 assereret,
1390 4179 1456 4252 alii

277 4309 385 4404 perire,
403 4304 460 4378 alii
470 4304 597 4402 samec
613 4303 750 4382 iruual]
765 4325 806 4376 ex
819 4303 925 4376 alteru
942 4311 1120 4398 marrruptu
1132 4302 1192 4398 (=
1202 4300 1390 4396 exempta),
1408 4325 1456 4376 ex

278 4425 1452 4528 alteruquieareceperuntatqueutrumqueconjunxerunt.V.1075,

279 4579 348 4629 uun
369 4566 420 4629 est
439 4553 584 4628 dubiuur
607 4551 691 4648 quin
711 4552 929 4625 truderentur
954 4551 1030 4624 dure
1047 4550 1224 4643 lectioneS,
1243 4549 1354 4625 altera
1382 4551 1453 4626 Dc-
