3472 5648
752 557 992 630 ,74-

337 725 469 800 Eodem
484 747 569 799 sono
585 724 727 802 tironia
744 722 947 819 exprimitur
960 746 991 795 v.
1008 722 1121 795 tarr:

392 940 442 1002 su
454 960 493 1002 nc
505 943 568 1002 ΗΜ
582 941 644 1002 solt
657 944 757 1002 utatur
771 943 839 1002 uolo
853 942 969 1002 doceare
982 945 1021 1002 tn
1034 943 1133 1002 armta
1143 939 1196 1018 (cl.
1213 959 1256 1002 rr.
1270 939 1414 1017 llas-to)

289 1183 322 1243 et
334 1170 445 1262 dolor,
461 1196 492 1243 v.
505 1169 594 1245 946:

396 1392 477 1465 olto
490 1393 573 1454 mcor
588 1395 620 1453 at
639 1392 750 1469 anapo
764 1394 813 1453 alc
826 1395 875 1454 stc
889 1391 1047 1469 inpleatur
1056 1391 1128 1452 too!

334 1622 377 1695 Et
396 1645 491 1696 nunc
512 1632 642 1718 atquae
662 1629 828 1718 praestant
846 1619 998 1717 pagellas
1010 1619 1084 1716 jam
1098 1618 1217 1717 paucis
1231 1619 1345 1694 verbis
1359 1642 1454 1694 com-

287 1745 492 1841 plectamur,
510 1753 727 1839 compertum
742 1741 848 1816 babes
859 1753 1024 1839 quantam
1040 1765 1110 1816 non
1125 1743 1237 1818 solum
1256 1766 1406 1817 «curam
1419 1770 1452 1834 a,

285 1876 325 1939 ut
342 1865 471 1941 dicitur
485 1868 522 1940 in
537 1866 695 1963 Prolopo,
718 1867 777 1941 sed
794 1876 958 1963 quantam
977 1865 1195 1958 industriam,
1219 1876 1454 1964 quantamque

287 1991 468 2067 scientiam
496 1991 530 2064 in
565 1991 758 2066 condendis
779 1989 936 2064 versibus
957 1999 1079 2064 auctor
1105 2001 1224 2064 noster
1244 1990 1452 2083 adbibuerit,

285 2114 351 2189 nisi
371 2115 459 2188 lorte
474 2114 530 2208 (de
551 2135 619 2210 quo
637 2111 741 2210 inira)
761 2111 949 2186 dicendum
966 2113 1011 2186 sit
1027 2123 1182 2188 auctores
1201 2115 1323 2187 nostri.
1341 2115 1453 2201 Quam

286 2238 514 2335 quaestionem
543 2238 586 2310 de
612 2247 754 2312 auctore
776 2259 975 2333 quanquam
1000 2259 1070 2310 non
1098 2237 1155 2310 hic
1187 2237 1285 2312 locus
1313 2247 1365 2311 est
1391 2237 1453 2311 ubi

286 2361 489 2452 enodemus,
510 2371 627 2433 tamen
653 2361 720 2434 hoc
748 2358 850 2433 nobis
871 2359 944 2456 jam
972 2383 1065 2433 nunc
1094 2360 1329 2452 retinendum,
1359 2363 1452 2458 quod

285 2496 404 2582 postea
419 2483 559 2557 maximi
574 2483 742 2558 momenti
761 2483 837 2575 erit,
855 2484 910 2556 his
925 2485 1150 2573 ornamentis,
1164 2484 1296 2558 scilicet
1306 2484 1452 2559 allitera·

282 2607 438 2682 tionibus
467 2617 501 2681 et
528 2605 768 2697 concentibus,
798 2629 937 2680 necnon
961 2606 1151 2703 virgilianis
1172 2606 1259 2682 locis
1278 2607 1325 2680 ita
1345 2607 1451 2682 luisse

283 2753 422 2804 carmen
442 2741 601 2804 nostrum
620 2729 798 2820 refertum,
811 2740 997 2825 antequam
1013 2737 1031 2814 β
1046 2740 1112 2818 etr
1129 2740 1342 2805 correctores
1352 2753 1451 2805 exco-

282 2854 464 2950 gitationes
479 2875 558 2927 suas
578 2853 780 2951 adjicerent,
794 2863 912 2926 utnon
928 2854 971 2927 sit
986 2854 1070 2950 quin
1081 2867 1260 2928 auctorem
1271 2855 1322 2928 vel
1334 2866 1451 2928 aucto-

281 3001 337 3051 res
348 2977 407 3074 qui
417 2975 547 3050 librum
557 2976 603 3063 ω’,
616 2978 742 3050 horum
752 2987 771 3064 β
781 2987 815 3050 et
829 3004 848 3064 γ
861 2999 1083 3051 communem
1093 2978 1236 3069 fontem,
1249 3001 1451 3076 composue-

281 3101 363 3193 rint,
384 3124 447 3199 pro
463 3101 545 3174 viris
556 3100 765 3198 quibusdam
779 3101 967 3174 habeamus
987 3101 1038 3174 rei
1052 3102 1204 3175 metricae
1215 3102 1448 3199 peritissimis,

280 3236 384 3323 atque
398 3225 516 3299 hercle
537 3235 555 3313 β
571 3236 605 3298 et
620 3255 640 3316 γ
655 3223 739 3322 ipsis
760 3224 863 3322 longe
882 3224 1114 3322 peritioribus.
1132 3227 1177 3299 Et
1198 3237 1238 3298 ut
1262 3250 1336 3300 rem
1354 3249 1450 3322 pror·

280 3370 339 3422 sus
357 3347 483 3439 dicam,
499 3370 623 3444 poema
639 3355 811 3438 nostrum,
828 3345 928 3442 quale
943 3346 980 3417 in
993 3348 1026 3418 ω’
1041 3348 1228 3444 praebetur,
1253 3348 1296 3420 ab
1318 3348 1449 3421 adoles-

280 3472 419 3546 centulo
434 3471 667 3568 compositum
685 3470 794 3544 luisse
810 3494 880 3545 non
896 3480 1020 3567 potest.
