3472 5648
811 590 966 642 -XIV
1021 611 1060 620 -

353 734 440 806 baur
465 733 740 808 Vratislaviensis
767 737 939 809 Monaebii
964 703 1070 810 1853.
1093 738 1136 809 lt
1160 762 1203 810 ne
1228 740 1354 811 horum
1378 742 1520 836 quidem

353 878 457 951 opera
490 857 675 930 exhaustus
704 868 780 930 erat
807 860 933 931 codex:
966 881 1035 931 non
1065 881 1142 931 raro
1175 860 1328 954 legentes
1361 841 1522 936 errarunt

353 981 479 1053 velut...
504 980 748 1077 »(sequuntur
766 985 945 1080 exempla).
968 983 1129 1055 Fortasse
1144 984 1200 1057 hie
1223 985 1321 1075 liber,
1341 997 1379 1058 ut
1403 1000 1522 1061 censet

352 1103 488 1199 Peiper,
500 1104 594 1210 idem
608 1118 659 1177 est
669 1128 750 1177 oum
760 1107 1000 1200 Egmondiano
1014 1087 1105 1178 libro
1121 1108 1179 1201 qai
1196 1108 1294 1180 estin
1307 1120 1419 1182 vetere
1431 1122 1520 1183 eata-

352 1228 430 1324 logo
448 1229 689 1345 Egmandiano
710 1229 776 1326 (ed.
795 1231 838 1303 ab
853 1212 955 1339 Hssfde
969 1232 1078 1326 Wyns
1095 1255 1125 1302 a.
1147 1231 1266 1326 1801).

401 1439 430 1505 b
454 1439 587 1505 Liber
616 1440 867 1519 Parisinus,
887 1435 1050 1508 biblioth.
1082 1445 1150 1506 nat.
1181 1434 1288 1509 84882
1313 1436 1410 1531 (olim
1440 1436 1519 1510 Col-

351 1557 509 1630 bertinus
546 1558 669 1653 6388),
694 1559 839 1631 membr.
864 1559 1156 1654 Peiperi-judieio
1187 1560 1248 1632 XII
1275 1584 1314 1649 s,
1344 1560 1521 1633 Selaellelii

352 1693 387 1754 et
410 1682 552 1756 Holderi
571 1706 597 1755 s.
619 1683 676 1755 XI.
698 1684 736 1755 In
755 1684 825 1756 fine
847 1683 992 1779 legitur:
1015 1685 1205 1756 *raamrur
1232 1707 1342 1758 arnan
1359 1706 1521 1760 nuonmr

353 1826 538 1880 sonatum
570 1825 781 1881 tvanruaan
816 1828 862 1878 ar
898 1826 1117 1882 statronis.
1148 1808 1280 1881 Praeter
1315 1809 1521 1904 compendia

274 1908 276 1912 Α
352 1930 478 2024 quibus
506 1930 787 2026 frequentissime
816 1929 978 2002 libramus
1001 1931 1127 2018 utitur,
1160 1930 1269 2002 forma
1308 1931 1519 2021 litterarum,

330 2054 544 2148 'praesertim
571 2053 757 2149 majarum,
779 2053 962 2148 litteraque
984 2077 1002 2124 a
1027 2077 1107 2126 eum
1134 2053 1231 2148 apiae
1253 2055 1365 2150 posita
1391 2078 1454 2149 pro
1477 2079 1516 2141 ce,

351 2187 385 2249 et
413 2178 578 2249 nonnulla
612 2178 678 2249 alia
703 2177 901 2250 testimonia
929 2201 956 2250 s,
987 2178 1048 2250 XII
1073 2179 1228 2250 indicare
1248 2179 1431 2269 videntur;
1453 2181 1522 2252 sin-

351 2298 441 2392 gulis
473 2298 618 2395 pagellis
653 2300 700 2373 11
732 2321 850 2373 versus
887 2300 1045 2396 inseripti
1086 2311 1177 2373 sunt.
1215 2301 1300 2373 Post
1334 2326 1361 2372 v.
1396 2302 1518 2373 tt5o:

350 2444 520 2497 uxrttcrr
557 2444 626 2496 mn.
665 2445 802 2498 rrrarnr
836 2412 898 2496 asu
934 2445 1059 2498 enasor
1096 2447 1141 2497 ma
1180 2446 1347 2498 crvrrnra
1384 2444 1519 2498 nunna.

350 2549 433 2621 Post
452 2547 684 2621 Waltharium
709 2557 862 2619 exaratas
886 2547 1019 2620 invenis
1038 2549 1123 2618 duas
1139 2546 1289 2642 pagellas
1314 2547 1423 2620 Servii
1448 2549 1518 2619 Ho-

351 2670 463 2742 norati
493 2671 534 2743 de
564 2670 696 2743 ultimis
724 2682 758 2743 et
789 2672 832 2743 de
856 2670 1057 2767 penultimis
1084 2669 1234 2766 syllabis.
1262 2671 1362 2742 Hune
1390 2669 1521 2742 librum

351 2793 498 2866 Sebell'el
520 2804 554 2866 et
572 2792 702 2867 Holder
721 2818 759 2866 ex
781 2794 941 2867 eoenobia
961 2793 1250 2890 Epternaebiensi
1269 2794 1521 2890 (Luremburg)

349 2917 549 3011 provenisse
565 2918 797 3013 suspicantur,
819 2928 994 2990 exaratum
1015 2940 1094 2989 vero
1115 2927 1258 2988 curante
1279 2917 1400 2990 abbate
1416 2918 1520 2990 Thio-

351 3040 440 3113 lrido
456 3040 622 3138 (†lll0).
640 3043 824 3128 Praeterea,
841 3040 877 3112 ni
892 3040 1083 3113 certissima
1101 3039 1229 3112 indicia
1245 3039 1381 3130 fallunt,
1396 3051 1450 3113 est
1464 3041 1521 3112 hie

349 3163 448 3254 liber,
475 3175 514 3237 ut
543 3165 707 3259 suspicati
736 3175 818 3237 sunt
842 3165 991 3239 Schellel
1017 3175 1051 3237 et
1077 3165 1225 3251 Holder‚
1252 3188 1286 3260 p.
1312 3164 1396 3254 tta,
1428 3165 1522 3236 idem

348 3311 429 3360 eum
462 3287 488 3358 F
520 3287 746 3377 Grimmiano',
763 3311 831 3384 quo
860 3288 943 3360 olim
972 3310 1057 3360 usus
1087 3295 1139 3359 est
1167 3286 1260 3357 Prof.
1289 3287 1519 3382 Marquardus

348 3410 479 3484 Freber
498 3411 755 3506 blprtilletensis
771 3407 809 3506 (l
823 3412 890 3484 161
897 3409 946 3506 l),
960 3409 1019 3504 qui
1034 3409 1076 3481 de
1092 3407 1150 3480 illo
1170 3408 1206 3485 in
1220 3407 1405 3504 Oripe'aom
1420 3410 1521 3482 Pola-

347 3534 503 3605 te'aaram
517 3533 790 3618 Porteseeaada,
811 3555 840 3605 e.
854 3532 945 3620 XIII,
960 3555 993 3627 p.
1008 3531 1066 3620 61,
1080 3530 1130 3602 sie
1146 3540 1333 3601 memorat:
1354 3555 1371 3599 a
1384 3531 1445 3602 sed
1461 3554 1522 3602 an-

347 3657 544 3752 tiquissimo
569 3658 719 3754 quodam
745 3656 916 3751 Anonymi
942 3655 1096 3728 carmine
1119 3654 1241 3726 Latino
1267 3677 1338 3726 non
1363 3655 1522 3728 absimile

339 3790 598 3873 augementum
614 3779 657 3851 de
673 3777 860 3873 Gybieone‚
875 3777 1091 3850 Francorum
1103 3777 1209 3872 Rege,
1221 3777 1422 3850 Wormatiae
1438 3779 1523 3850 resi-

349 3902 465 3992 dente,
487 3903 631 3998 ejusque
654 3900 726 3972 lilio
753 3898 945 3972 Gunthario
967 3908 1042 3970 tum
1065 3897 1256 3970 Walthario
1281 3898 1465 3999 Aquilam,
1487 3913 1521 3972 et

348 4027 548 4123 Haganone,
566 4025 782 4121 descriptum
797 4025 833 4096 in
851 4023 1025 4096 veteribus
1045 4023 1258 4096 membranis
1279 4025 1411 4098 habeo:
1430 4026 1523 4120 quod

349 4176 428 4226 cum
444 4152 519 4224 aliis
543 4151 618 4248 ejus
637 4150 755 4223 farinae
782 4149 819 4222 in
840 4151 949 4223 Tamo
970 4149 1221 4221 Franeieorum
1244 4150 1416 4221 ἀνεκδότων
1436 4174 1518 4246 pro-

346 4274 485 4372 pediem
508 4274 575 4372 (ξὺν
594 4274 663 4376 θεῷ)
692 4273 794 4347 edere
813 4273 972 4346 meditor.
997 4298 1013 4341 a
1039 4273 1122 4343 Post
1148 4272 1222 4344 haee
1247 4272 1385 4367 aliquos
1404 4295 1524 4348 versus

347 4399 483 4495 exeipit,
503 4400 594 4472 inter
614 4422 701 4494 quos
719 4424 750 4470 v.
766 4398 862 4472 1086

560 4594 651 4654 Antea
667 4592 732 4672 quis
748 4591 859 4652 luimus
873 4590 1001 4668 respecti
1014 4587 1099 4650 sibila
1119 4589 1235 4664 dantes,
