3472 5648
754 534 969 604 „e-

278 705 391 779 onorii
414 703 581 778 eustodiae
606 703 801 799 praeposita,
826 702 911 773 adeo
940 699 1045 772 valuit
1071 695 1274 770 auctoritate
1291 703 1330 765 ut
1348 691 1442 765 haud

279 829 429 901 multum
448 826 585 916 abesset
599 827 683 922 qrrin
698 825 770 921 ipsa
786 834 956 920 regnaret.
1530 914 1533 918 ι

328 951 654 1042 Interea,deluneto
666 940 1091 1037 Gibicbone,l}untharius
1109 967 1214 1041 regno
1225 941 1396 1016 successit
1410 951 1448 1013 et

280 1076 359 1149 ilico
379 1074 491 1147 loedus
510 1095 591 1146 cum
606 1072 741 1146 llnnnis
761 1083 900 1167 pactum
915 1069 1081 1158 dissolvit,
1098 1090 1243 1142 censum
1259 1089 1295 1139 se
1311 1063 1444 1136 diutius

280 1220 464 1296 passurum
479 1220 554 1270 esse
568 1219 711 1292 negans.
730 1196 806 1281 Quo
821 1194 971 1289 cognito,
988 1193 1128 1286 Hagano
1143 1191 1260 1287 lugam
1275 1198 1449 1282 noctepa-

280 1333 332 1396 rat
347 1321 437 1394 etad
458 1320 640 1394 dominum
656 1329 829 1415 properat.

330 1446 448 1542 Neque
463 1443 677 1519 Waltharius
696 1443 831 1515 minore
854 1440 1054 1534 aufugiendi
1070 1438 1184 1513 studio
1199 1436 1353 1510 ardebat.
1377 1435 1449 1509 Sed

282 1591 362 1642 oum
391 1566 617 1662 lliltgundem
643 1565 791 1638 maximo
814 1586 931 1638 amore
955 1563 1115 1661 diligeret
1134 1560 1245 1658 (pater
1268 1559 1363 1632 enim
1385 1557 1447 1630 Al-

281 1691 399 1788 pbere,
419 1703 453 1764 et
471 1688 670 1785 lliltgundis
691 1699 799 1785 pater,
820 1685 1009 1776 Heriricus,
1032 1683 1279 1780 jusjurandum
1297 1682 1389 1754 inter
1409 1704 1449 1754 se

280 1814 449 1888 dederant
465 1824 502 1885 ut
521 1811 650 1886 liberos
666 1809 841 1885 connubio
850 1807 1064 1905 jungerent),
1081 1830 1199 1880 seeum
1214 1803 1450 1878 meditabatur

281 1937 456 2035 quomodo
472 1935 623 2034 puellam
637 1957 706 2008 una
727 1957 847 2007 secum
864 1932 1062 2006 abduceret.

330 2059 419 2133 Huic
436 2081 518 2153 ergo
535 2059 683 2155 quadam
697 2056 764 2146 dio,
781 2079 861 2130 cum
876 2056 913 2128 in
928 2055 1019 2150 regis
1039 2052 1145 2128 cubili
1162 2052 1271 2128 solam
1289 2053 1448 2143 offendit,

281 2180 467 2255 consilium
490 2180 620 2277 aperit;
658 2179 754 2252 addit
775 2191 814 2252 ut
836 2179 952 2252 omnia
975 2189 1073 2275 paret
1096 2177 1138 2250 ad
1163 2176 1229 2249 iter
1249 2177 1451 2250 laciendum

283 2303 490 2392 necessaria,
507 2303 640 2376 scilicet
655 2325 749 2375 arma
765 2300 941 2398 cibosque,
963 2301 1156 2396 praesertim
1176 2324 1257 2374 vero
1277 2299 1346 2374 duo
1367 2300 1454 2374 scri-

284 2427 340 2498 nia
357 2425 471 2498 aureis
486 2425 629 2498 armillis
645 2425 798 2520 impleta,
810 2448 959 2522 quorum
975 2426 1096 2520 ingens
1112 2425 1211 2521 copia
1222 2424 1258 2496 in
1274 2423 1453 2524 regalibus

278 2548 452 2622 thesauris
468 2560 593 2644 praesto
610 2559 693 2621 erat.

331 2672 456 2745 Paucis
472 2681 550 2768 post
568 2670 690 2744 diebus
705 2671 777 2767 ipse
793 2670 865 2767 regi
883 2670 1080 2766 reginaeque
1099 2681 1202 2766 atque
1217 2671 1343 2746 ceteris
1362 2686 1454 2744 rsa-

284 2795 423 2890 napis»
449 2793 599 2877 convivia
627 2817 753 2889 magno
776 2805 917 2890 sumptu
943 2805 1061 2890 parat;
1092 2794 1205 2867 media
1230 2817 1311 2868 vero
1335 2805 1454 2884 nocte,

284 2940 364 2991 oum
383 2939 505 2988 omnes
528 2926 561 2987 et
587 2916 695 2990 duces
714 2928 748 2990 et
766 2917 923 3007 famulos,
943 2918 1028 3013 quin
1050 2918 1155 2990 etiam
1174 2919 1289 3014 ipsum
1308 2918 1455 2990 Attilam

285 3039 362 3112 vino
388 3038 542 3135 sepultos
567 3048 601 3109 et
629 3038 759 3133 passim
783 3062 844 3134 per
875 3041 966 3113 aedes
991 3041 1088 3112 humi
1112 3039 1320 3114 recubantes
1346 3040 1455 3132 videt,

285 3183 374 3256 equo
399 3182 417 3233 e
443 3158 588 3232 stabulis
613 3161 763 3234 adducto
783 3161 863 3234 bino
879 3162 1008 3235 scrinia
1026 3186 1106 3236 cum
1123 3163 1256 3236 viaticis
1282 3165 1455 3260 imponit;

286 3296 359 3356 tum
374 3295 527 3356 armatus
542 3292 576 3355 et
590 3283 688 3378 quasi
703 3284 745 3357 ad
767 3308 918 3381 pugnam
936 3296 1088 3381 paratus,
1112 3275 1323 3360 «Leonem»
1343 3287 1458 3383 (quod

284 3416 358 3477 orat
374 3427 501 3478 noman
520 3405 622 3500 equo)
646 3428 725 3478 oum
746 3407 860 3503 puella
883 3408 1098 3498 conscendit,
1121 3409 1177 3482 cui
1200 3410 1273 3482 lora
1296 3410 1456 3501 mandat,

284 3527 358 3623 ipse
377 3527 510 3600 hastam
526 3526 656 3616 dextra,
675 3528 812 3601 sinistra
829 3528 979 3626 elipeum
996 3541 1130 3604 tenens.

334 3647 487 3742 Fugiunt
502 3670 584 3742 ergo
600 3648 695 3720 omni
711 3661 813 3724 nocte
831 3663 1068 3747 properantes,
1086 3652 1210 3726 diebus
1225 3666 1343 3727 autem
1359 3655 1457 3730 silvis

286 3772 471 3861 latitantes
491 3782 525 3845 et
543 3772 714 3844 montium
738 3774 828 3847 invia
849 3787 1031 3850 sectantes.
1051 3777 1264 3853 Waltharius
1290 3803 1384 3869 vero,
1410 3780 1458 3853 si-

285 3895 358 3968 mul
377 3905 481 3991 atque
499 3894 565 3966 iter
582 3896 757 3990 pergebat,
775 3899 891 3972 cibum
907 3901 1060 3997 quotidie
1076 3903 1230 3997 parabat,
1247 3905 1407 3978 volucres
1423 3917 1460 3978 et

286 4016 400 4114 pisces
419 4015 608 4111 capiendo;
625 4019 789 4112 providus
809 4021 903 4093 enim
929 4021 1050 4096 hamos
1071 4034 1106 4095 et
1127 4025 1208 4098 fissa
1226 4025 1319 4120 ligna
1334 4049 1457 4100 secum

285 4135 485 4211 abstulerat.
584 4167 589 4179 r

334 4260 418 4332 Post
432 4259 695 4354 quatuordecim
706 4262 780 4335 dies
789 4277 965 4354 venerant,
979 4266 1201 4341 inumbrante
1213 4270 1286 4365 jam
1296 4294 1456 4367 vespera,

284 4379 326 4453 ud
347 4378 478 4451 tlumon
495 4377 658 4453 Rbenum
676 4395 796 4455 contra
815 4382 1054 4476 Wormatiam,
1077 4389 1136 4462 ubi
1159 4414 1218 4462 rex
1238 4392 1457 4468 Guntharius

285 4499 439 4577 sedebat.
449 4500 671 4594 portitorem,
685 4505 745 4600 qui
756 4504 855 4600 juxta
865 4507 976 4603 ripam
992 4509 1115 4602 stabat,
1128 4525 1228 4608 rogat
1239 4514 1457 4592 Waltharius
1477 4528 1481 4533 ”
