3472 5648
595 561 834 635 ..87-

134 733 222 808 bullo
237 745 302 808 cet.
316 761 325 824 ;
337 734 451 824 7777,
466 730 605 804 nolebas
618 757 649 820 γ,
665 729 801 803 doleres
818 739 894 817 cet.;
911 740 989 818 etc„
1001 740 1067 803 etc.
1079 729 1239 803 Attamen
1258 730 1294 802 in

135 883 164 930 v.
185 859 268 947 917,
295 859 410 931 minus
432 856 569 930 felicem
589 853 774 928 lectionem
791 853 922 950 recepit
938 877 1042 950 quam
1058 855 1184 928 ceteri:
1201 878 1293 928 resc-

133 993 225 1055 cdret
238 981 327 1055 rolin
342 983 488 1055 incentis
504 992 583 1070 cet,
600 980 780 1053 recidisset
794 1007 813 1069 γ
828 1001 908 1052 cum
923 978 1067 1053 metrico
1083 980 1177 1054 vitio
1246 1014 1249 1019 ·

180 1107 296 1200 Atque
312 1104 377 1177 hoc
394 1127 530 1200 quoque
547 1102 716 1177 mendum
736 1100 871 1174 levitate
890 1100 1053 1192 auctoris,
1072 1124 1143 1175 non
1158 1102 1296 1178 inscitia

133 1229 296 1302 ellectum
322 1237 491 1302 testantur
506 1227 565 1323 qui
581 1227 673 1300 illius
690 1225 820 1322 proprii
836 1235 917 1298 sunt
933 1235 1082 1322 quatuor
1097 1247 1217 1300 versus
1236 1229 1294 1320 99,

133 1353 215 1442 804,
232 1353 316 1443 757,
333 1353 399 1425 661
420 1362 589 1426 etversus
607 1350 752 1448 prologi,
770 1349 915 1446 quinon
936 1350 1049 1422 solum
1069 1334 1240 1426 sermonis
1263 1364 1297 1426 et

133 1472 194 1550 rei'
213 1477 378 1567 metricae,
409 1476 469 1550 sed
499 1476 603 1549 etiam
645 1475 951 1549 consonantiarum
979 1473 1068 1569 legis
1094 1475 1296 1572 peritiorem

133 1602 315 1698 quemdam
332 1601 530 1690 ostendunt,
547 1611 585 1672 ut
600 1622 638 1672 ex
656 1598 710 1672 his
724 1597 889 1696 exemplis
902 1597 1061 1694 judicare
1072 1609 1186 1695 potes:

237 1864 296 1926 tot
316 1866 438 1927 senior
450 1865 586 1942 inonrpit
600 1863 761 1942 rudemque
776 1863 941 1925 audacior
956 1872 1072 1942 ccupat.

237 1959 293 2022 857
320 1967 434 2021 Uerum
448 1963 538 2023 uelle
552 1980 659 2038 mcum,
675 1962 748 2023 solia
761 1962 808 2022 iia
821 1960 1015 2023 dirueretur.

236 2057 315 2120 Prot.
333 2059 346 2118 l
368 2057 556 2137 Omnipotens
570 2060 720 2137 ponitur,
738 2075 859 2120 summu
873 2059 996 2120 uirtutis
1013 2065 1167 2122 amator.

92 2339 94 2342 ’
179 2342 360 2418 Lectiones
374 2365 454 2417 vero
476 2365 552 2440 quae
572 2342 719 2417 certiore
736 2342 868 2439 judicio
888 2343 1072 2441 archetypo
1088 2343 1195 2418 tribui
1216 2367 1295 2442 pos-

132 2468 201 2542 sint
238 2469 420 2565 paueiores
447 2469 642 2541 invenimus
672 2469 707 2541 in
730 2500 760 2561 γ,
781 2467 955 2575 nisihuic
988 2490 1134 2543 numero
1165 2493 1194 2542 v.
1222 2469 1293 2542 529

135 2593 330 2666 adscribere
346 2594 440 2684 velis
459 2593 518 2666 ubi
532 2627 552 2688 γ
570 2592 788 2690 virgilianum
802 2591 888 2665 illud
903 2616 972 2690 qun
985 2591 1124 2666 turbine
1140 2603 1295 2691 torquent

134 2717 267 2790 iustum
287 2717 428 2813 praebet,
444 2717 528 2790 dum
547 2716 653 2792 ceteri
668 2727 796 2815 qnnnto
813 2719 873 2804 ni,·
891 2717 935 2791 cs.
951 2742 981 2789 v.
998 2716 1081 2792 383.

182 2841 231 2913 Ex
244 2842 311 2914 hoc
328 2864 421 2915 nunc
437 2841 562 2915 emisso
581 2870 602 2931 γ
621 2839 785 2939 descripti
808 2850 889 2915 sunt
910 2863 997 2936 quos
1024 2840 1193 2915 habemus
1215 2841 1295 2915 libri

132 2964 197 3038 Bb
218 2967 256 3055 T,
278 2976 312 3038 et
336 2966 487 3061 quidem,
513 2978 552 3039 ut
572 2966 611 3056 ll,
636 2964 722 3038 utA
745 2967 785 3038 et‘
799 2967 835 3056 C,
858 2988 876 3038 a
903 2963 1108 3038 miserrimis
1131 2963 1292 3053 librariis.

133 3087 367 3162 Nihilominus
381 3112 480 3187 aeque
498 3113 538 3162 ac
560 3089 588 3162 [t
617 3088 700 3162 acri
723 3099 756 3162 et
775 3089 799 3162 C
820 3087 975 3185 praebent
996 3087 1123 3184 singuli
1139 3088 1295 3164 saniores

134 3212 318 3286 nonnullas
343 3212 508 3287 lectiones
533 3235 637 3309 quam
666 3223 704 3283 ut
727 3212 781 3286 his
808 3212 929 3295 iisdem
949 3211 1100 3286 librariis
1124 3235 1172 3285 eae
1188 3212 1295 3286 tribui

133 3339 275 3435 possint.
293 3337 349 3410 Sic
364 3337 453 3410 liber
469 3338 507 3427 Β,
524 3362 554 3411 v.
574 3337 632 3426 84,
645 3359 707 3433 pro
727 3336 904 3433 trepidare
914 3358 1043 3434 parere
1057 3337 1151 3432 quod
1166 3337 1294 3410 hahent

134 3464 250 3555 ceteri,
272 3463 448 3560 trepidare
468 3462 615 3536 tumulto
633 3461 769 3551 scribit;
795 3461 853 3552 87,
874 3485 935 3558 pro
955 3461 1147 3560 edenpinrn
1164 3461 1294 3535 donant

133 3586 373 3684 oet.‚prrebent
390 3587 435 3677 B;
452 3587 534 3676 itt,
546 3585 634 3660 tudio
648 3585 739 3659 dicto
753 3585 929 3676 cet.‚tuiiu
942 3586 1050 3684 [undo
1064 3586 1107 3677 B3
1124 3587 1292 3683 wilper-

131 3715 216 3810 ripit
234 3714 298 3786 olii
312 3724 391 3805 cet,
406 3712 561 3786 reddidit
575 3713 637 3786 olii
647 3713 693 3804 B;
716 3713 797 3803 774,
812 3714 1008 3809 transponit
1023 3726 1099 3804 cet,
1113 3715 1292 3787 transmit-

131 3839 173 3910 tit
188 3837 226 3911 B.
244 3839 294 3911 Cs.
307 3863 369 3934 lvv.
390 3838 473 3928 808,
490 3838 574 3927 ott,
592 3837 698 3925 1097,
715 3848 780 3910 etc.
797 3863 806 3926 ;
830 3862 860 3911 v.
876 3837 961 3929 383,
978 3833 1120 3911 retorem
1135 3838 1289 3931 servavit,

133 3963 221 4056 quod
240 3973 292 4035 est
315 3962 546 4056 virgilianum,
570 3961 654 4034 dum
677 3961 713 4033 in
733 3961 837 4058 hujus
857 3961 933 4035 loco
955 3962 1060 4036 ceteri
1080 3964 1214 4037 tristem
1228 3987 1289 4061 po-

133 4097 292 4176 suerunt;
312 4086 348 4157 in
372 4111 402 4158 v.
430 4086 499 4159 797
525 4097 656 4176 contra,
684 4085 904 4182 virgilianum
926 4085 1043 4161 locum
1066 4110 1137 4160 non
1158 4087 1289 4177 ridenS,

132 4220 240 4304 poetae
262 4209 361 4283 verba
376 4208 515 4282 vitiavit.
1207 4297 1209 4301 Ι

180 4332 284 4405 Liber
301 4333 323 4405 b
339 4344 408 4405 tem
423 4332 540 4406 multis
554 4333 689 4407 mendis
704 4345 822 4425 scatet,
840 4344 878 4406 ut
890 4334 943 4406 vix
961 4334 1087 4432 dignus
1105 4334 1149 4408 sit
1164 4334 1207 4408 de
1222 4358 1289 4431 quo

132 4477 247 4529 sermo
261 4457 337 4546 tiat;
356 4455 516 4530 meliores
528 4455 693 4530 lectiones
712 4456 824 4530 nullas
839 4456 952 4530 habet.
969 4457 1290 4547 hibernentium

133 4580 237 4676 hujus
251 4580 389 4677 generis
404 4580 890 4678 recentissimus-quanquam
905 4581 1023 4654 multis
1038 4581 1128 4656 vitiis
1144 4582 1291 4658 inlectus
