3472 5648
738 572 1002 646 -108-

285 740 437 814 dedisset
457 768 488 827 u,
508 739 731 812 Ekkehardrrs
756 741 811 829 IV,
837 740 895 835 qui
922 753 1004 812 tunc
1032 741 1123 811 inter
1152 739 1341 837 discipulos
1367 751 1455 828 erat,

285 864 465 936 materiam
485 863 634 936 leoninis
654 862 810 935 versibus
833 862 1005 949 tractavit3
1031 873 1065 933 et
1094 883 1201 956 quum
1220 860 1349 934 multos
1377 870 1459 957 post

285 1008 407 1072 annos,
434 1008 662 1082 quaecumque
686 986 759 1080 ipse
784 1008 871 1080 puer
896 984 1092 1080 scripsisset
1116 985 1151 1055 in
1167 984 1272 1056 Libro
1288 983 1457 1056 Benedic-

283 1108 429 1178 tiorunn¹
450 1107 613 1201 colligere
630 1107 740 1191 vellet,
762 1107 889 1202 reperit
912 1106 1026 1179 debita
1044 1130 1103 1179 suo
1124 1130 1192 1180 non
1213 1107 1286 1202 jam
1307 1107 1343 1177 in
1367 1105 1455 1190 suis,

284 1230 342 1302 sed
368 1230 474 1326 (quod
495 1232 685 1303 notandum
702 1234 767 1323 ost)
793 1230 826 1302 in
853 1231 1008 1325 magistri
1028 1231 1168 1304 Notkeri
1193 1230 1332 1303 chartis.
1353 1234 1455 1303 Cote-

285 1377 362 1426 rum
383 1354 417 1425 in
443 1355 598 1446 margine
620 1355 721 1450 primi
744 1355 813 1426 lolii
837 1356 910 1426 huic
936 1355 1036 1427 verba
1059 1355 1213 1426 notavit:
1237 1353 1452 1426 cllictamen

282 1477 439 1549 debitum
460 1477 641 1570 magistr03
658 1478 723 1549 hoo
737 1490 771 1550 et
788 1490 900 1550 cotem
917 1501 992 1573 quae
1011 1477 1133 1574 scripsi
1144 1478 1216 1573 ipse
1228 1477 1331 1550 scribi
1344 1476 1454 1572 jussit

281 1598 438 1695 (Notker)
461 1598 496 1669 in
522 1598 626 1671 cartis
645 1598 728 1688 suis,
748 1599 783 1671 in
807 1597 933 1694 quibus
961 1622 998 1672 ea
1024 1611 1102 1697 post
1125 1600 1304 1673 inveniens
1329 1599 1364 1670 in
1384 1600 1452 1670 hac

280 1723 382 1794 sceda
400 1744 461 1817 pro
478 1722 564 1795 locis
582 1722 738 1818 ascripsi,
759 1733 798 1793 ut
808 1723 954 1817 juvenes
970 1734 1107 1796 nostros
1120 1725 1155 1795 in
1170 1724 1205 1796 id
1221 1725 1333 1820 ipsum
1349 1723 1454 1795 ador-

279 1845 413 1917 tarier².
444 1872 460 1914 u
1342 1925 1345 1929 ¹

327 1968 446 2064 Neque
465 1981 607 2053 temere,
634 1967 700 2039 nisi
726 1967 837 2057 sallon,
855 1969 981 2065 conjici
1007 1980 1121 2065 potest
1135 1969 1239 2043 simili
1253 1967 1358 2042 modo
1376 1989 1451 2041 ma·

279 2092 426 2187 gistrum
447 2091 645 2164 scholarum
670 2091 856 2163 Geraldum
876 2093 911 2164 in
933 2092 1061 2166 chartis
1084 2093 1167 2183 suis,
1191 2093 1242 2166 vol
1265 2101 1303 2163 ut
1321 2089 1456 2162 rectius

280 2214 426 2303 dicatur,
454 2215 491 2285 in
514 2214 712 2286 scholarum
736 2215 865 2287 chartis
892 2216 1122 2289 Woltdurr'om
1143 2215 1306 2289 tenuisse.
1331 2213 1455 2306 lpsum

281 2348 396 2408 autem
412 2334 610 2424 Geraldum
630 2345 669 2407 ut
686 2337 884 2431 complures
898 2336 1093 2426 voluerunt,
1109 2335 1303 2409 Elkehardi
1321 2334 1455 2428 magis·

282 2471 373 2531 trum
391 2459 490 2530 illum
509 2458 662 2531 metricae
686 2458 791 2530 luisse
810 2460 852 2530 de
878 2481 946 2554 quo
962 2460 998 2531 in
1017 2458 1161 2531 Caribus
1185 2479 1299 2530 sermo
1314 2457 1364 2544 lit,
1386 2457 1454 2528 du-

281 2585 378 2657 bium
394 2595 457 2673 est,
482 2608 589 2679 quum
605 2583 725 2679 paucis
746 2582 797 2653 rix
815 2583 915 2655 annis
930 2582 1098 2656 Geraldus
1113 2583 1317 2655 Ekkehardo
1336 2580 1455 2677 major

281 2708 396 2781 luerit.
413 2709 587 2797 Ceterum,
613 2707 641 2780 si
668 2708 769 2780 rerba
798 2709 944 2780 Castrum
969 2707 1137 2779 intentius
1156 2706 1292 2802 legeris,
1311 2728 1381 2778 non
1408 2704 1455 2776 de

285 2859 300 2901 r
321 2833 488 2926 magistro
514 2831 745 2904 scholarum»
782 2853 978 2903 sermonem
1001 2829 1122 2902 haberi
1148 2828 1291 2918 videbis,
1322 2829 1384 2901 sed
1409 2828 1457 2900 de

284 2984 299 3025 c
321 2955 575 3048 semimagistro
600 2982 616 3024 u
640 2977 721 3026 sane
752 2953 913 3048 quodam,
944 2953 1001 3026 cui
1024 2952 1189 3026 docendae
1221 2952 1272 3026 rei
1296 2952 1459 3026 metricae

281 3101 363 3152 cura
392 3077 545 3172 delegata
569 3088 651 3149 erat.
681 3077 755 3149 lmo
786 3077 822 3147 in
851 3089 1094 3170 argumentum
1123 3075 1283 3148 advocari
1304 3088 1460 3170 possunt

280 3202 477 3300 complures
492 3202 560 3275 loci
584 3200 741 3274 mendosi
766 3223 851 3294 quos
872 3201 1040 3274 Geraldus
1055 3199 1186 3296 recepit
1201 3199 1266 3295 (ea.
1286 3221 1337 3294 gr.
1352 3219 1460 3269 enor-

278 3329 382 3399 nn‘tor
393 3349 456 3422 pro
475 3328 642 3397 lacerarent
667 3326 785 3409 irrisor,
810 3324 903 3420 etc),
923 3345 1009 3420 quos
1025 3323 1142 3395 hercle
1163 3344 1230 3395 non
1247 3320 1456 3416 recepisset,

280 3450 309 3522 si
326 3451 401 3546 ipso
420 3450 586 3544 magistro
610 3447 822 3522 Woltlzorr'us
839 3447 1053 3544 compositus
1072 3446 1202 3520 luisset.

329 3574 358 3642 Α
374 3594 441 3664 quo
458 3572 508 3642 rei
537 3570 691 3642 metricae
712 3569 888 3663 magistro,
906 3569 1106 3664 quicunque
1133 3568 1192 3638 ille
1212 3575 1275 3655 est,
1294 3587 1366 3637 non
1383 3564 1457 3636 du·

280 3692 384 3763 bituri
406 3703 520 3787 potest
541 3714 682 3763 carmen
705 3702 930 3764 retractatum
947 3691 1066 3779 fuisse,
1087 3689 1190 3762 etiam
1210 3698 1398 3782 antequam
1415 3687 1458 3759 in

281 3816 345 3886 hoc
362 3814 451 3885 libro
474 3836 575 3908 quem
596 3814 630 3885 c'
655 3837 818 3888 vocamus
839 3815 1067 3910 transcriptus
1089 3813 1203 3884 fuerit.
1226 3811 1334 3896 Quale
1355 3811 1460 3884 enim

280 3937 316 4008 in
335 3937 402 4008 hoc
418 3934 506 4008 libro
524 3959 664 4008 carmen
683 3937 844 4027 refertur,
861 3959 1059 4032 quanquam
1085 3958 1198 4031 neque
1223 3935 1259 4007 in
1286 3957 1461 4008 sermone

173 4142 179 4151 ι
279 4058 385 4130 latino
408 4080 519 4152 neque
543 4058 579 4129 in
598 4066 641 4130 re'
659 4060 801 4132 metrica
822 4061 965 4132 omnino
992 4059 1190 4132 absolutum
1212 4067 1273 4148 est,
1297 4067 1463 4133 attamen

278 4181 380 4275 longe
404 4179 501 4253 abest
523 4191 562 4251 ut
590 4181 627 4250 in
653 4203 692 4252 eo
721 4181 944 4256 barbaricum
975 4182 1059 4254 illud
1091 4204 1231 4254 carmen
1255 4180 1459 4256 habeamus

321 4413 343 4463 l.
357 4412 415 4462 God.
432 4412 558 4462 393131111.
577 4411 684 4471 sangall.

319 4512 342 4559 2.
357 4513 427 4560 Mon.
447 4512 542 4573 Germ„
556 4510 585 4573 ΙΙ,
597 4509 630 4558 54
644 4522 681 4572 sq.
697 4509 830 4578 llattemor,
849 4513 993 4564 Denlrmolc
1007 4513 1053 4562 des
1067 4514 1243 4576 Mlttcloltem,
1260 4512 1288 4578 d,
1309 4513 1324 4563 l
1342 4515 1369 4562 et
1387 4514 1458 4568 519.

283 4596 385 4652 Srheffel
401 4617 425 4654 u.
440 4605 540 4669 llolder,
558 4612 580 4659 p.
601 4597 660 4648 131-
