3472 5648
700 1006 895 1115 carurn

216 1267 297 1330 oum
325 1267 381 1320 sir
408 1264 564 1318 annuum
586 1263 864 1319 astronomum
883 1263 1006 1333 ortuo,
1026 1263 1108 1327 ουκ
1129 1264 1207 1317 cun
1227 1263 1378 1317 carneis

464 1405 679 1459 oaaunnrcrs
705 1404 880 1458 annanias
908 1383 1123 1458 COGNAT10¹.

223 1830 226 1836 ⁵
259 1857 355 1931 lnter
380 1854 637 1952 antiquissimas
662 1853 852 1949 germanici
876 1852 963 1950 cycli
990 1853 1125 1927 videtur
1150 1854 1376 1928 adscribenda

213 1983 256 2057 de
273 1979 466 2057 Waltlrario
482 1979 619 2069 sabula3
638 1990 741 2075 atque
755 1978 869 2051 medio
884 2000 955 2051 aevo
972 2002 1027 2052 res
1045 2002 1064 2052 a
1083 1979 1276 2053 Walthario
1297 2003 1377 2074 ges-

210 2119 262 2180 tas
280 2105 444 2180 omnibus
463 2115 497 2178 et
512 2104 711 2179 cantoribus
734 2113 768 2176 et
788 2102 1004 2176 auditoribus
1021 2126 1120 2199 aeque
1134 2126 1174 2177 ac
1192 2104 1376 2201 Sieglriedi

210 2241 245 2304 et
262 2228 469 2304 Theudorici
484 2227 635 2302 facinora
652 2239 750 2300 notas
771 2237 804 2300 et
825 2227 954 2322 ubique
972 2227 1126 2324 vulgatas
1150 2227 1268 2319 fuisse,
1289 2251 1377 2302 non-

210 2355 316 2428 nullis
332 2353 542 2427 testimoniis
560 2362 705 2426 constat.

258 2477 416 2552 Walther
430 2498 497 2549 von
512 2477 574 2549 der
588 2474 804 2570 Vogelweide
823 2497 942 2570 quum,
958 2475 1092 2548 nomini
1111 2474 1268 2548 alludens
1280 2464 1376 2571 cuod

211 2624 291 2674 cum
310 2603 415 2674 heroe
431 2609 550 2674 nostro
565 2599 630 2697 ipsi
648 2621 833 2673 commune
849 2608 933 2686 erat,
946 2599 1092 2672 amicam
1107 2621 1206 2672 suam
1222 2598 1302 2672 licto
1318 2622 1377 2673 no-

210 2725 304 2797 mine
319 2724 487 2819 Hiltgund
505 2723 665 2821 appellat,
681 2732 801 2819 utpote
816 2745 893 2817 quae
912 2720 1027 2795 divina
1046 2723 1194 2817 quadam
1209 2732 1281 2795 arte
1301 2725 1374 2796 vul·

211 2871 291 2921 nera
308 2848 425 2922 cordis
440 2847 493 2921 sui
510 2871 631 2921 sanare
646 2858 773 2945 posset,
792 2845 885 2919 haud
903 2847 1049 2920 dubium
1068 2857 1131 2937 est,
1151 2847 1236 2942 quin
1252 2869 1373 2920 omnes

209 2971 291 3067 quid
307 2970 373 3044 sibi
387 2971 500 3062 vellet,
518 2972 599 3044 satis
614 2970 879 3067 intellige1·ent².

256 3097 295 3170 ln
309 3108 467 3194 poemate
485 3095 640 3192 Biterols
649 3095 828 3191 inscripto,
846 3118 964 3168 versus
979 3095 1063 3184 577,
1082 3094 1154 3169 578
1227 3083 1228 3087 ¹

473 3299 531 3361 Der
545 3317 604 3360 was
619 3317 674 3360 von
690 3297 808 3361 lliunen
823 3299 877 3359 her
892 3297 1038 3360 bellomon

471 3396 523 3458 Als
537 3397 563 3457 ir
579 3396 633 3457 wol
648 3393 718 3455 habt
733 3401 749 3455 e
763 3412 925 3456 vernomen

206 3617 239 3681 et
258 3608 292 3682 in
311 3606 387 3705 ipso
406 3607 560 3681 carmine
575 3617 693 3680 nostro
708 3633 757 3681 vv.
774 3607 881 3696 root,
900 3607 1021 3681 itta:

362 3809 464 3882 Qualia
481 3809 557 3871 bella
573 3809 679 3870 dehinc
693 3809 740 3871 vel
755 3816 879 3890 quantos
894 3827 971 3890 saepe
985 3809 1152 3890 triumphos

362 3905 492 3986 Canarii,
508 3923 578 3967 ecce
593 3905 678 3966 stilus
691 3905 791 3967 renuit
806 3907 922 3984 signare
936 3913 1065 3984 retusus,

204 4045 413 4054 μ-ι--ι--η

238 4123 262 4175 1.
278 4122 346 4174 Hanc
361 4121 521 4186 questionem
539 4123 669 4184 postquam
683 4120 776 4183 orimus
798 4122 887 4174 Grimm
911 4137 967 4174 curn
989 4125 1061 4176 solita
1079 4127 1179 4178 solertia
1197 4128 1321 4191 tractavit,
1343 4131 1369 4195 et

202 4201 338 4253 San-Marte
351 4202 376 4252 in
388 4201 454 4252 'libro
468 4213 513 4252 suo
531 4201 649 4251 Waltlrcr
660 4213 712 4251 von
726 4203 885 4264 Aquitanica
894 4201 964 4253 novis
974 4203 1117 4255 dilucidavit
1131 4207 1260 4269 exemplis.

208 4387 210 4391 7
237 4330 263 4379 2.
280 4325 358 4377 limes
371 4326 462 4375 herzen
475 4325 544 4376 tiefiu
556 4325 645 4376 wundc

280 4405 326 4456 Diu
340 4418 410 4456 muoz
419 4406 496 4455 iemer
505 4405 642 4471 adenstad,
653 4405 1044 4483 sinwerdeheilronfliltegunde
1053 4405 1106 4476 (dd.
1116 4408 1265 4478 lachmann,
1275 4425 1301 4474 p.
1310 4408 1365 4479 il).

239 4519 274 4570 Cf.
289 4517 436 4581 San-Marte,
453 4532 478 4581 p.
497 4519 645 4586 13,1l.—
669 4519 772 4583 uniant,
796 4518 931 4582 Schriften
949 4535 999 4571 zur
1024 4523 1112 4572 Gcsch.
1132 4523 1161 4574 d.
1183 4524 1211 4574 d.
1231 4527 1298 4587 Sace
1311 4527 1369 4576 rand

202 4600 344 4663 Dieltunq,
360 4612 384 4662 p.
403 4599 443 4649 17.
