3472 5648
670 573 910 645 „54-

205 743 344 838 quidem
356 740 639 837 pronuntiatione
659 763 723 834 qua
743 751 912 812 nostrates
932 740 992 812 sed
1008 763 1072 834 qua
1089 740 1252 813 Germani
1273 755 1374 814 utnu-

202 877 271 953 tur‚
300 865 497 967 accuratius
524 863 779 952 declamaverit,
810 862 1022 970 exploratum
1056 863 1206 953 habehit,
1238 875 1376 960 poetam

204 999 361 1062 nostrum
380 987 415 1059 in
431 987 637 1061 inchoandis
654 986 811 1061 versibus
827 998 1036 1060 concentum
1056 988 1240 1081 quemdam
1255 977 1375 1084 singu·

204 1112 316 1182 larum
334 1132 456 1183 vocum
475 1121 508 1182 et
524 1109 767 1206 repetitionem
782 1108 984 1182 eorumdem
1000 1131 1165 1182 sonorum
1181 1109 1376 1206 diligentis·

207 1233 294 1306 sime
308 1233 515 1321 consectari,
543 1233 588 1305 ita
614 1243 652 1305 ut
669 1231 786 1305 nullos
810 1232 845 1303 in
862 1242 933 1304 toto
949 1232 1103 1305 carmine
1119 1233 1309 1307 versiculus
1324 1257 1378 1306 re-

208 1356 314 1454 periri
330 1357 449 1454 possit,
465 1356 614 1453 quinon,
629 1366 755 1452 praeter
768 1357 1079 1451 metricamlegem,
1090 1357 1217 1432 tinnitu
1228 1359 1376 1455 quodam

210 1482 504 1576 consonantiaque
523 1479 731 1575 syllabarum
746 1488 931 1552 exornatus
947 1479 1000 1552 sit.

259 1606 343 1690 Quae
360 1603 448 1676 ratio
467 1603 586 1700 quanti
609 1609 775 1675 momenti
805 1601 849 1675 sit
873 1602 916 1674 ad
941 1603 1225 1675 constituendum
1248 1612 1378 1675 textum

209 1737 243 1798 et
275 1726 316 1798 ad
342 1724 602 1798 distribuendos
625 1723 745 1813 libros,
771 1723 861 1795 infra
890 1721 1096 1796 videbimus.
1122 1723 1233 1796 Antea
1261 1747 1379 1798 mons·

208 1849 371 1924 trandum
391 1858 444 1921 est
457 1847 569 1945 qualis
589 1846 634 1921 sit
656 1849 731 1920 haec
749 1859 983 1920 concentuum
1000 1846 1101 1936 ratio,
1117 1859 1151 1920 et
1166 1870 1243 1944 quae
1261 1857 1379 1921 noster

209 1971 246 2043 in
264 1970 494 2044 consectanda
513 1969 571 2042 illa
589 1968 795 2065 exemplaria
812 1968 964 2043 imitatus
984 1969 1038 2042 sit.
1145 1970 1149 1977 ’
1398 2066 1401 2071 .

258 2094 358 2192 Apud
375 2105 507 2193 veteres
522 2095 712 2167 Germanos
729 2093 819 2165 hanc
834 2093 941 2166 luisse
962 2093 1138 2178 neminem
1158 2094 1247 2189 fugit
1270 2094 1380 2181 allite·

210 2219 355 2294 rationis
379 2221 491 2316 legem
507 2218 721 2316 (Stabreim),
744 2229 783 2290 ut
807 2231 955 2314 quatuor
979 2219 1187 2316 syllabarum
1203 2220 1239 2293 in
1255 2220 1380 2294 iisdem

208 2344 390 2418 versiculis
408 2353 554 2417 accentu
570 2352 766 2416 notatarum
778 2342 855 2415 duee
869 2342 1001 2433 saltem,
1014 2343 1081 2415 nisi
1097 2343 1185 2416 torte
1195 2343 1312 2440 plures
1327 2345 1379 2418 vel

212 2493 345 2560 omnes,
372 2470 495 2543 eodem
519 2490 604 2542 sono
627 2467 830 2562 inciperent.
859 2466 1023 2562 Exempla
1046 2466 1143 2562 plora
1161 2468 1379 2543 afferemusc

212 2592 365 2666 carmine
385 2593 444 2666 illo
463 2587 750 2687 anglo-saxonico
767 2589 860 2685 quod
882 2589 925 2661 ad
948 2611 1010 2662 nos
1032 2590 1074 2662 de
1093 2590 1285 2664 Walthario
1301 2615 1378 2688 per-

156 2700 161 2708 ’
210 2715 313 2789 venit.

259 2840 297 2913 F.
315 2841 341 2930 l,
362 2865 393 2910 v.
411 2839 445 2912 5.
461 2839 618 2934 Soatscly
635 2837 707 2910 ond
720 2836 945 2911 accordannd
955 2858 1041 2932 περ
1058 2837 1148 2933 cister
1165 2837 1308 2910 odarum

389 2962 570 3060 [cruentus
584 2972 619 3035 et
634 2961 736 3035 laesus
751 2959 802 3032 vir
816 2960 903 3034 alter
914 2971 992 3057 post
1006 2961 1154 3033 alterum
1166 2960 1346 3059 (cecidit)].

308 3114 337 3160 v.
354 3086 413 3160 to,
429 3087 509 3182 bis
519 3084 705 3183 sorleoson
721 3084 854 3158 odladlcc
869 3089 976 3181 lcaqa
988 3085 1115 3158 don...

390 3209 508 3309 [vitam
524 3210 682 3306 linquere
699 3209 752 3284 vel
770 3209 909 3306 longam
919 3207 1135 3306 gloriam...]

310 3338 382 3409 Dua
403 3335 497 3408 taeta
510 3335 574 3408 mit
585 3334 682 3408 leidc
697 3333 894 3428 zejanqiate
912 3337 996 3404 lonc
1014 3332 1058 3427 (N
1061 3332 1156 3426 ibet.)

390 3456 533 3555 [amoris
551 3457 708 3530 dolorem
724 3455 946 3529 novissimam
962 3457 1157 3529 mercedem
1172 3454 1272 3554 esse}

261 3581 377 3679 Aqua
401 3581 582 3655 radiorum
600 3582 812 3677 populorum
834 3578 1073 3670 alliteratione,
1095 3579 1290 3670 alliteratio‚
1311 3603 1378 3674 qua

214 3705 338 3780 latinos
353 3719 472 3802 poetas
486 3727 570 3779 usos
588 3726 664 3778 esse
679 3704 846 3794 videmus,
862 3705 928 3776 hoc
944 3704 1128 3800 discrepat,
1150 3703 1242 3800 qnod
1265 3702 1301 3774 in
1318 3702 1379 3776 ho-

214 3853 290 3903 rum
316 3828 529 3902 carminibus
553 3850 624 3901 non
643 3850 786 3901 necesse
800 3837 852 3900 est
867 3826 1015 3923 syllabas
1038 3850 1115 3923 quaa
1141 3825 1309 3922 rythmico
1327 3826 1379 3899 vel

213 3953 357 4026 metrico
369 3961 534 4024 notantur
547 3949 1243 4039 accentu,easdemconcentulitterarum
1255 3949 1378 4040 notari,

211 4074 401 4150 dummodo
422 4087 596 4148 concentu
620 4073 717 4146 initia
731 4072 918 4146 verborum
937 4073 1130 4166 signantur.
1143 4071 1246 4169 Apud
1256 4073 1381 4146 Lucre-

213 4201 299 4274 tium
317 4199 518 4297 hujusmodi
534 4221 652 4272 versus
671 4197 884 4294 reperimus:

242 4464 245 4469 ,
304 4395 329 4473 1,
342 4395 380 4456 ll
401 4396 472 4455 Inde
486 4396 559 4473 [cro
569 4395 709 4464 pecudes
722 4393 902 4462 personant
913 4392 1039 4462 nolula
1054 4392 1132 4452 tcta.

338 4492 378 4554 to
405 4537 453 4553 ...
475 4496 589 4560 netem
599 4490 765 4561 placidam
781 4489 922 4549 Romania
936 4489 1054 4548 iactato
1064 4505 1192 4558 pacem.
1284 4496 1287 4500 ’

322 4588 378 4650 tao
398 4587 444 4648 Αά
454 4589 616 4664 celumque
629 4587 716 4660 tarot
728 4585 877 4657 flammai
891 4586 1025 4662 totunm
1039 4602 1172 4645 anacam.
