3488 5656
665 535 911 607 —97-.

196 719 321 791 precor
334 698 374 768 ol
387 720 539 792 supereo,
554 695 660 769 altera
675 697 721 782 Te
729 720 808 792 roqo
821 721 889 793 per
897 721 1047 793 saperda,
1062 721 1147 792 quas
1159 697 1187 769 A
1199 696 1236 767 in
1251 721 1366 786 unam,

200 818 357 891 vitiosam
373 819 478 908 illam,
491 813 652 893 conflauit
666 818 837 914 Deprecor
848 841 914 914 per
928 842 1079 914 soporos.
1102 818 1152 891 Cf.
1171 842 1247 914 quae
1264 842 1367 914 supra

198 941 346 1014 diximus
363 942 405 1014 de
421 941 570 1015 lectione
585 942 611 1032 Ι,
631 942 727 1016 tato
743 963 793 1035 sq.

247 1063 308 1136 His
330 1063 464 1160 positis
483 1064 556 1160 jam
577 1064 736 1137 clarescit
759 1064 933 1159 quomodo
953 1063 1124 1139 librorum
1148 1087 1243 1138 nunc
1263 1088 1366 1155 unus,

199 1209 292 1259 nunc
320 1185 455 1283 plures,
481 1196 600 1259 contra
629 1197 763 1260 eeteros
792 1196 901 1284 poetae
929 1186 1033 1259 verba
1059 1186 1278 1260 servaverint.
1311 1187 1369 1260 Sic

201 1331 235 1382 v.
256 1311 314 1399 711,
336 1309 420 1381 dum
439 1324 487 1400 αβ
504 1331 627 1405 perere
648 1308 702 1381 det
723 1309 891 1397 scribunt,
915 1309 1111 1382 retulerunt
1126 1312 1170 1405 ql
1192 1310 1369 1407 antiquius

203 1432 289 1505 illud
311 1414 485 1507 derlrom
503 1437 594 1518 det·
616 1457 651 1504 v:
668 1432 776 1522 1037,
801 1433 883 1504 dum
910 1432 1016 1506 ceteri
1041 1432 1172 1527 glossas
1197 1434 1370 1530 recipiunt

203 1567 320 1651 postea
344 1555 387 1628 ab
411 1554 692 1628 emendatoribus
718 1553 850 1627 additas
873 1577 998 1642 ensem,
1019 1556 1135 1643 edem,
1151 1558 1327 1650 copinam,
1351 1567 1369 1644 β

204 1679 450 1776 primigenium
469 1679 589 1751 otnero
604 1677 761 1768 servavit,
779 1690 842 1751 eto.

251 1802 310 1875 Sic
330 1801 411 1874 inb
433 1825 495 1898 per
515 1831 547 1891 α,
564 1811 713 1874 servatas
734 1801 902 1874 babemus
922 1801 1076 1874 laudatas
1103 1801 1178 1874 illas
1203 1801 1369 1876 lectiones

203 1927 288 2023 (ΝΘ
304 1927 419 2014 benis,
439 1926 511 2000 eol
524 1924 631 2020 Affer,
655 1926 727 1999 922
750 1925 967 2013 dimerserat,
992 1924 1065 1998 924
1085 1927 1238 2009 inertie·
1260 1926 1367 2016 tort,

201 2051 355 2123 colmere
373 2072 453 2120 reor
468 2048 628 2146 liquerat,
649 2047 747 2144 etc.);
764 2071 821 2121 eas
838 2048 932 2121 enim
947 2075 968 2116 α
986 2048 1060 2121 sine
1079 2049 1186 2122 dubio
1205 2060 1370 2144 tanquam

203 2171 334 2267 glossas
348 2183 474 2268 praeter
489 2172 675 2246 mendosas
691 2171 767 2243 illas
782 2171 896 2253 toros,
913 2169 1048 2258 Assoro,
1070 2183 1147 2261 eto,
1161 2171 1197 2243 in
1212 2173 1370 2266 margine

203 2295 446 2392 adscripscrat,
472 2297 556 2368 dum
574 2302 603 2384 β,
624 2325 655 2386 γ,
678 2301 849 2368 tneonon
874 2295 898 2367 C
924 2294 1013 2367 solas
1028 2295 1212 2368 mendosas
1231 2318 1370 2391 recepe-

205 2431 297 2492 runt.
320 2419 441 2516 Neque
454 2419 547 2492 enim
569 2418 777 2516 spernebant
793 2417 936 2508 librarii,
958 2442 1065 2512 quum
1089 2419 1126 2489 in
1145 2420 1369 2515 explanandis

202 2542 316 2616 verbis
333 2542 430 2615 dubii
448 2552 537 2615 esset
552 2539 693 2637 aliquid,
706 2539 824 2636 plures
840 2563 956 2614 mores
972 2540 1109 2635 legendi
1128 2541 1177 2612 vel
1193 2541 1369 2614 scribendi

204 2666 334 2739 referre
357 2665 421 2758 (sic
442 2690 472 2737 v,
492 2664 576 2754 tel,
600 2665 623 2737 b
645 2664 748 2739 simul
773 2664 877 2737 habet
898 2662 1127 2759 compleuerat
1152 2674 1185 2735 et
1207 2665 1370 2760 impleue-

202 2787 283 2883 rot).

252 2912 309 2984 Sic
324 2911 474 3006 denique
493 2911 544 2984 vis
563 2909 677 2983 omnis
697 2909 888 2984 lectionum
913 2909 1052 2981 illarum
1071 2932 1156 3004 quas
1177 2933 1280 3006 supra
1297 2911 1368 3006 pri·

202 3033 370 3131 migenias
386 3057 461 3109 esse
477 3034 711 3130 comperimus
726 3033 769 3106 ab
784 3058 854 3107 uno
869 3035 922 3106 vel
937 3034 1045 3106 altero
1061 3033 1149 3106 libro
1166 3034 1293 3106 servari
1309 3057 1370 3130 po-

202 3158 280 3231 tuit.
308 3158 391 3244 Quae
417 3181 496 3231 oum
518 3179 588 3229 non
609 3156 684 3230 sine
704 3156 806 3230 taedio
827 3157 893 3229 boc
914 3156 991 3229 loco
1014 3178 1136 3227 rursus
1162 3156 1370 3230 transcribe-

204 3292 336 3371 rentur,
353 3281 433 3355 licet
448 3281 601 3377 singulas
616 3279 690 3376 ipse
715 3279 843 3352 iterum
860 3279 1036 3374 inspicias,
1053 3278 1081 3351 si
1096 3277 1246 3350 libuerit.

253 3407 415 3478 Ceterum
444 3427 525 3501 pars
558 3403 715 3500 quaedam
747 3403 932 3474 meliorum
959 3400 1149 3473 lectionum
1174 3401 1256 3473 inde
1278 3403 1371 3474 venit

206 3528 300 3624 quod
328 3529 364 3600 in
397 3525 620 3624 explanandis
654 3523 800 3621 singulis
823 3524 908 3598 locis
934 3524 991 3597 alii
1020 3523 1152 3596 librarii
1174 3523 1250 3598 aliis
1272 3523 1368 3597 calli-

206 3652 320 3725 diores
335 3662 426 3723 sunt.
446 3651 497 3725 Cl.
515 3650 636 3724 citatos
647 3673 696 3721 vv.
711 3649 794 3738 aet,
814 3647 1126 3743 Taooemefflode
1136 3675 1172 3738 α;
1182 3649 1265 3738 486,
1279 3648 1371 3722 Ster-

175 3783 177 3788 ’
205 3798 286 3849 rcere
299 3788 356 3865 βγ,
372 3796 512 3846 eernere
528 3799 566 3862 α;
586 3772 670 3863 548,
687 3773 855 3844 innocuos
869 3785 922 3869 βγ,
938 3794 986 3844 err
1002 3793 1129 3842 noceres
1144 3798 1175 3842 α.

251 3899 296 3972 At
309 3895 694 3994 librariiprimariorum
704 3895 768 3968 alia
781 3896 884 3970 etiam
896 3918 961 3991 ope
972 3893 1233 3992 adjuvabantur,
1246 3914 1371 3993 nempe

203 4045 268 4121 ope
282 4020 470 4095 memoriae.
494 4019 592 4105 Quod
611 4019 795 4093 manifesto
810 4018 865 4092 his
886 4042 962 4114 quae
988 4029 1182 4114 sequuntur
1205 4020 1371 4114 exemplis

202 4148 380 4244 probatur,
398 4166 597 4242 quanquam
612 4143 647 4216 in
664 4143 714 4217 eis
730 4165 802 4216 non
816 4143 889 4239 jam
912 4166 1004 4233 vera,
1027 4141 1087 4216 sed
1104 4141 1188 4240 salsa
1203 4143 1372 4216 memoria

204 4268 437 4344 scribentibus
457 4265 777 4354 subministrabat„
1031 4351 1033 4355 ‚
1127 4364 1134 4371 ss

254 4396 292 4467 ll.
317 4395 375 4482 36,
402 4413 465 4488 pro
489 4389 638 4479 lectione
664 4399 881 4462 ceterorum:
912 4390 1007 4463 Filio
1035 4390 1115 4461 dore
1142 4399 1275 4461 tentem
1301 4389 1373 4484 srrr't

206 4517 321 4602 nereo,
338 4512 459 4587 scribit
474 4531 509 4608 p:
527 4511 639 4584 Unico
655 4521 739 4583 roto
753 4511 825 4608 sor't
838 4511 919 4584 darie
933 4522 1078 4584 tentore.
1089 4511 1202 4607 Hujus
1214 4533 1292 4584 vero
1308 4511 1374 4583 leo-
