3472 5648
741 579 977 653 ..34-

331 749 367 819 v.
384 750 490 835 1007,
505 711 687 843 postquam
698 760 819 820 auawr
830 744 1012 820 Guntbarii
1023 743 1157 818 sodales
1167 740 1345 838 cuspidem
1358 740 1441 812 lune

272 872 444 944 insertam
464 872 691 947 inWalthurii
711 871 862 969 elipeum
879 869 1013 944 misisse
1034 867 1192 956 narravit,
1208 866 1334 962 legitur
1349 864 1385 936 in
1402 876 1438 953 βε

385 1074 511 1135 d'amiaa
527 1076 589 1135 iam
604 1050 700 1134 dicam
716 1091 780 1150 paa
800 1073 900 1134 restem
914 1074 992 1151 [arta
1007 1071 1179 1141 tr·alsabaat,·

279 1283 345 1355 qua
367 1259 514 1333 lectione
530 1259 613 1331 dum
635 1259 720 1332 nihil
737 1272 789 1333 est
809 1258 955 1357 planius,
973 1256 1129 1332 scribunt
1144 1253 1266 1329 ceteri:

385 1461 516 1522 Nama'aa
530 1481 593 1539 aaa
611 1469 722 1523 restant
738 1463 852 1524 edicam
867 1463 984 1539 tamam
998 1463 1185 1531 trabeatum·

277 1668 377 1740 verba
399 1691 482 1764 ergo
502 1692 577 1764 pua
602 1680 731 1742 restant
753 1668 934 1742 manifesta
955 1665 1153 1763 conjectura
1174 1675 1254 1738 sunt
1278 1686 1341 1762 pro
1364 1685 1441 1759 asta

282 1793 410 1864 restim.

327 1918 369 1990 Et
387 1917 423 1989 in
436 1943 486 1991 vv.
507 1917 614 2006 1380,
633 1918 724 1992 900
742 1917 881 2013 vestigia
898 1917 1106 2014 antiquiora,
1126 1937 1323 2013 quanquam
1339 1912 1441 1987 libra-

277 2042 318 2114 rii
335 2044 451 2116 nescio
467 2043 567 2139 eujus
587 2043 793 2140 negligentia
811 2043 1013 2132 adulterata,
1030 2043 1146 2115 relert.

327 2171 421 2256 Quos
438 2192 557 2242 versus
574 2170 679 2242 aeteri
699 2169 747 2242 sio
759 2169 908 2243 habent:

386 2372 492 2433 Uarum
506 2374 696 2449 uuloiparam
711 2373 803 2450 clipeo
818 2373 1017 2432 imortaaarat
1031 2372 1135 2431 almam

384 2469 581 2546 Incolama'aaa
597 2488 690 2530 utana
704 2487 776 2530 moa
790 2472 900 2548 aripuit
913 2470 1132 2548 semispatham.
1225 2479 1228 2486 ’

280 2674 307 2744 0
324 2684 440 2747 contra
461 2698 541 2748 oum
557 2675 700 2748 metrico
716 2675 816 2748 vitio:
907 2717 912 2726 ·

390 2879 496 2938 lla-arm
510 2881 544 2938 ia
559 2879 749 2954 ardmaaram
764 2874 978 2954 alipaam'moa·
988 2861 1089 2953 posuit
1106 2878 1209 2938 alnam

387 2974 583 3052 Iaeolomiqaa
599 2993 689 3034 matta
703 2976 788 3052 famas
802 2974 910 3051 eripaa't
925 2974 1144 3051 semispatham.

330 3175 552 3260 Emendator,
572 3177 824 3272 qualiscunque
844 3176 958 3264 luerit,
976 3176 1004 3250 si
1024 3176 1239 3274 superiorem
1256 3175 1351 3248 illam
1367 3199 1447 3272 quae

282 3285 462 3373 relertura
479 3303 603 3375 ceteris
621 3302 805 3375 lectionem
821 3302 1028 3375 anteoculos
1040 3301 1229 3386 habuisset
1250 3299 1448 3376 certissime

283 3421 378 3492 illam
397 3443 466 3493 non
486 3423 696 3512 mutavisset,
717 3422 794 3518 quia
815 3434 848 3495 et
871 3446 1030 3497 sermone
1050 3436 1083 3497 et
1110 3448 1147 3498 re
1171 3424 1315 3498 metrica
1341 3424 1448 3520 longe

283 3544 475 3618 absolutior
492 3557 554 3633 est,
577 3569 679 3641 quarn
700 3569 738 3618 ea
764 3532 840 3642 qaae
863 3548 1039 3644 praebetur
1055 3572 1073 3621 a
1088 3555 1117 3631 β.
1134 3548 1332 3623 Videndum
1362 3572 1447 3647 ergo

283 3688 400 3738 nonne
425 3666 567 3749 leetiob
596 3668 741 3740 sortasse
771 3669 854 3764 quid
884 3669 1059 3764 antiquius
1089 3669 1225 3759 habeat,
1244 3681 1447 3744 ceterorum

282 3812 361 3861 vero
377 3789 478 3862 verba
498 3791 696 3884 conjectura
715 3792 794 3864 sint.

333 3911 533 3984 Ceterorum
567 3935 702 3984 versum
730 3915 874 3994 alterum
902 3917 1098 4014 inspicienti
1130 3919 1210 4008 tibi,
1248 3918 1383 3994 alarum
1414 3934 1449 3996 et

284 4047 442 4130 apertum
454 4033 492 4104 fit
504 4057 625 4107 ursana
646 4060 742 4109 saraa
756 4042 919 4134 optimam
935 4042 1117 4117 lectionem
1137 4066 1223 4131 esse,
1235 4049 1254 4126 β
1266 4067 1348 4117 vero
1364 4045 1448 4120 libri

285 4180 388 4229 mauri
400 4157 499 4249 seras
512 4159 626 4231 minus
645 4158 783 4233 bonam.
804 4163 893 4248 Quid
914 4188 1008 4254 vero,
1026 4165 1164 4262 siseres
1178 4168 1220 4240 ad
1235 4171 1448 4243 anteceden-

284 4293 352 4354 tem
367 4303 504 4352 versun]
527 4282 719 4375 pertineat?
732 4285 843 4384 Atque
859 4311 895 4360 re
910 4312 986 4361 vera
1001 4290 1208 4386 pertinuisse
1228 4291 1377 4384 videtur,
1399 4295 1446 4368 ita

285 4415 322 4475 ut
336 4404 413 4474 talis
424 4403 581 4475 versiculi
600 4405 765 4480 decursus
780 4423 887 4482 esset:

392 4605 499 4665 Uerrem
514 4607 842 4687 aalaiparam‘elipeam
856 4616 955 4689 posat't
967 4616 1050 4691 fatas
1063 4620 1178 4682 alnam.
