3472 5648
747 553 985 628 „94-

287 721 443 796 codicem
466 720 583 812 luisse,
607 722 699 794 unde
721 722 801 818 jure
826 744 895 796 nou
918 723 990 819 jam
1007 746 1042 808 c,
1065 722 1158 818 quod
1181 743 1310 794 nomen
1333 720 1453 818 potius
1498 714 1501 718 ’

288 845 396 942 ipsius
411 855 520 942 poetae
534 844 663 918 librum
677 844 787 936 dccet,
804 857 840 918 at
855 845 889 918 (ε’
906 845 1145 943 appellabitur.
1510 940 1513 946 ⁴

335 970 427 1065 Ergo
452 968 668 1067 singulorum
693 969 864 1043 librorum
888 971 1047 1066 coguatio
1072 969 1281 1065 praecedenti
1305 969 1451 1043 sortasse

287 1093 462 1167 schemate
476 1093 697 1191 exprimenda
712 1105 775 1168 est.

335 1218 436 1292 Nunc
457 1218 500 1291 ad
521 1218 697 1316 duplicem
715 1219 810 1293 illam
827 1220 1055 1318 quaestionem
1078 1219 1297 1292 redeundum
1319 1219 1364 1293 de
1382 1240 1450 1292 scr·

280 1342 371 1418 uatis
387 1344 562 1442 archetypi
579 1343 705 1435 verbis,
725 1354 760 1418 et
778 1345 821 1420 de
835 1344 1040 1419 melioribus
1055 1343 1146 1441 apud
1166 1342 1336 1440 pessimos
1346 1342 1450 1417 libra·

287 1469 357 1544 rios
373 1468 592 1544 lectionibus.
609 1471 720 1567 Atque
737 1492 775 1542 re
790 1491 868 1543 vera
886 1470 960 1542 baec
973 1490 1050 1565 quae
1065 1465 1200 1541 videtur
1217 1490 1294 1541 esse
1311 1467 1449 1565 duplex,

287 1593 430 1690 simplex
452 1605 505 1668 est
524 1593 680 1690 quaestio.
702 1594 842 1668 Etenim
863 1593 981 1690 (atque
995 1593 1062 1666 boc
1078 1591 1216 1664 maximi
1233 1590 1355 1686 refert)
1378 1612 1449 1662 non

287 1740 365 1791 raro
380 1717 419 1790 fit
428 1729 466 1791 ut
479 1716 683 1814 superstites
698 1717 826 1814 singuli
838 1715 919 1790 libri
934 1716 970 1788 in
986 1721 1108 1790 eodem
1117 1716 1194 1790 loco
1202 1715 1322 1814 plures
1331 1713 1447 1788 lectio

287 1865 349 1917 nes
368 1841 421 1916 vel
437 1841 569 1938 glossas
584 1840 780 1939 praebeant:
802 1843 840 1933 C,
860 1865 890 1914 v.
907 1841 994 1933 502,
1008 1852 1134 1938 praeter
1148 1818 1277 1927 bondo,
1300 1840 1338 1914 iu
1357 1863 1448 1913 mar·

286 1967 366 2064 gine
380 1966 484 2041 babet
493 1967 613 2063 clipeo,
628 1976 767 2062 quaeest
778 1964 880 2038 lectio
888 1977 1106 2054 ceterorum;
1122 1965 1205 2056 563,
1215 1971 1280 2039 rire
1296 1964 1449 2050 l'tontoe;

285 2091 370 2181 ott,
405 2115 521 2164 comtes
549 2091 738 2188 deponam·
761 2090 867 2180 1036,
899 2089 1006 2162 uuum
1033 2091 1069 2162 ,ιζ
1096 2091 1288 2186 copinam
1309 2088 1340 2162 A
1363 2090 1447 2180 523,

286 2217 415 2290 cierent
437 2215 658 2300 l'utoucrcnt,·
678 2215 705 2286 B
729 2216 813 2305 557,
838 2213 959 2286 ridens
982 2213 1041 2300 nl‘,
1060 2213 1205 2319 oleum·
1230 2212 1339 2303 tuot,
1356 2214 1452 2285 inire

281 2341 404 2438 swam
415 2338 534 2414 laium
543 2365 556 2425 ;
569 2340 680 2428 lull,
691 2338 1033 2435 oincmorcsurcntcs
1044 2348 1079 2410 et
1093 2339 1379 2424 imaum-tam,
1394 2339 1453 2432 sc·

286 2463 418 2538 bricam
433 2474 469 2537 ct
481 2463 518 2534 in
532 2485 640 2558 marg.
657 2459 973 2558 celsobrcsucto;b
991 2459 1074 2546 144,
1094 2458 1322 2556 compleuerat
1337 2469 1372 2533 et
1384 2461 1451 2533 im-

281 2589 459 2685 poterae
477 2589 561 2679 596,
584 2599 709 2683 praeter
728 2609 849 2660 vocem
867 2585 1063 2659 dubitamus
1079 2608 1183 2682 quam
1201 2608 1282 2659 curn
1301 2585 1329 2658 B
1351 2607 1451 2659 com-

284 2735 427 2786 munem
441 2711 555 2803 babet,
570 2712 785 2808 trepidamus
799 2710 941 2801 addidit,
959 2734 1035 2806 quae
1051 2721 1103 2784 est
1117 2709 1219 2783 lectio
1237 2723 1449 2784 ceterorum.

284 2836 456 2910 Praeterea
466 2836 591 2933 saepius
607 2836 755 2931 obtingit
765 2846 803 2908 ut
817 2857 1021 2911 communes
1037 2833 1203 2909 lectiones
1217 2834 1451 2908 babeautduo

178 2998 181 3003 -
285 2958 364 3032 libri
373 2970 503 3034 stantes
513 2973 635 3033 contra
645 2959 785 3033 tertium
794 2959 951 3056 ejusdem
961 2956 1105 3048 ordinis,
1117 2967 1155 3030 ut
1168 2957 1317 3051 aldid,
1328 2955 1455 3031 Creuit

284 3084 348 3174 b'l',
363 3083 491 3156 uiditB
506 3105 587 3156 cum
603 3082 745 3173 ceteris3
761 3082 1067 3178 luminumque
1082 3081 1194 3154 bTeot
1205 3080 1387 3155 omissum.
1398 3083 1454 3155 Ex

284 3209 432 3283 hisvero
450 3207 615 3306 exemplis
633 3207 799 3304 quidnam
814 3218 957 3304 apparet
971 3206 1037 3279 nisi
1057 3241 1079 3283 α
1096 3217 1130 3279 et
1145 3235 1176 3296 γ,
1193 3205 1306 3280 sontes
1320 3206 1455 3278 borum

284 3333 465 3424 librorum,
481 3331 603 3429 glossis
617 3344 651 3404 ct
666 3331 767 3404 variis
782 3331 990 3406 lectionibus
1004 3332 1150 3404 refertos
1166 3329 1283 3420 luisse,
1297 3353 1452 3425 quarum

283 3456 340 3530 alii
367 3455 499 3529 librarii
519 3455 602 3528 alias
630 3455 695 3528 sibi
725 3455 986 3546 vindicaverint,
1008 3454 1093 3528 dum
1110 3454 1168 3527 alii
1192 3454 1348 3551 duplices
1374 3453 1452 3528 lec-

280 3582 394 3653 tiones
413 3580 513 3653 nobis
533 3579 766 3652 indulserint?
782 3577 957 3675 Quidquid
982 3600 1061 3652 vero
1083 3579 1126 3651 de
1148 3577 1318 3651 librorum
1333 3606 1356 3648 α
1374 3590 1410 3650 et
1430 3603 1454 3664 γ

279 3703 466 3801 generibus
490 3727 621 3793 vorum,
643 3726 762 3775 verum
789 3713 841 3775 est
869 3725 1007 3798 quoque
1032 3703 1075 3774 do
1099 3709 1117 3786 β
1147 3713 1180 3774 et
1205 3717 1223 3778 δ
1244 3702 1451 3797 generibus

280 3850 479 3924 quanquam
496 3828 622 3900 borum
642 3849 809 3924 generum
828 3850 939 3900 unum
965 3837 1100 3900 tantum
1115 3827 1289 3924 exemplar
1307 3828 1349 3900 ad
1381 3851 1454 3904 nos

280 3949 445 4046 pervenit.
624 3939 628 3949 ’
775 3924 784 3942 ’
849 4023 854 4030 ,

327 4072 418 4166 Ergo
433 4072 512 4168 jure
528 4070 604 4165 quis
618 4071 780 4167 conjiciat
800 4083 834 4145 et
852 4072 889 4144 iu
908 4071 977 4144 illis
997 4070 1083 4144 locis
1101 4072 1161 4145 ubi
1182 4096 1273 4146 unus
1288 4072 1341 4146 vel
1356 4073 1454 4148 alter

281 4196 450 4269 librorum
461 4207 660 4269 nostrorum
670 4195 952 4292 discrepantema
967 4197 1092 4270 ceteris
1103 4196 1289 4271 lectionem
1299 4198 1452 4294 praebet,

281 4331 383 4416 atquc
401 4344 477 4394 eam
500 4319 641 4417 quidem
661 4319 792 4392 librarii
817 4319 998 4416 ingenium
1024 4333 1257 4416 superantem,
1276 4321 1387 4396 luisse
1411 4323 1452 4399 iu

282 4443 445 4540 primario
461 4443 636 4539 duplicem
651 4443 847 4516 lectionem.
865 4443 1047 4529 Quomodo
1062 4444 1154 4516 enim
1172 4445 1247 4517 fieri
1267 4445 1379 4542 possit
1394 4459 1450 4539 ut,
1469 4496 1473 4504 -

283 4590 332 4641 cx.
354 4590 419 4662 gr,
439 4590 530 4641 unus
554 4576 588 4640 et
613 4566 706 4663 idem
729 4567 910 4664 imperitus
926 4570 1039 4644 scriba
1058 4571 1095 4661 C,
1117 4569 1176 4666 qui
1191 4596 1223 4643 v.
1240 4571 1338 4646 »taut
1354 4573 1452 4669 uffo*
