<?xml version="1.0" encoding="UTF-8"?>
<!DOCTYPE html PUBLIC "-//W3C//DTD XHTML 1.0 Transitional//EN"
    "http://www.w3.org/TR/xhtml1/DTD/xhtml1-transitional.dtd">
<html xmlns="http://www.w3.org/1999/xhtml" xml:lang="en" lang="en">
 <head>
  <title>
</title>
<meta http-equiv="Content-Type" content="text/html;charset=utf-8" />
  <meta name='ocr-system' content='tesseract 3.04.00' />
  <meta name='ocr-capabilities' content='ocr_page ocr_carea ocr_par ocr_line ocrx_word'/>
</head>
<body>
  <div class='ocr_page' id='page_1' title='image "./depoematelatino00schwgoog_0056.png"; bbox 0 0 3472 5648; ppageno 0'>
   <div class='ocr_carea' id='block_1_1' title="bbox 271 564 1479 4012">
    <p class='ocr_par' dir='ltr' id='par_1_1' title="bbox 754 564 992 662">
     <span class='ocr_line' id='line_1_1' title="bbox 754 564 992 662; baseline 0 -27"><span class='ocrx_word' id='word_1_1' title='bbox 754 606 797 662; x_wconf 73' lang='lat'>-.</span> <span class='ocrx_word' id='word_1_2' title='bbox 849 564 891 635; x_wconf 83' lang='grc'><strong>21</strong></span> <span class='ocrx_word' id='word_1_3' title='bbox 948 606 992 615; x_wconf 88' lang='grc'>-</span> 
     </span>
    </p>

    <p class='ocr_par' dir='ltr' id='par_1_2' title="bbox 286 727 1454 2163">
     <span class='ocr_line' id='line_1_2' title="bbox 337 727 1454 826; baseline 0 -24"><span class='ocrx_word' id='word_1_4' title='bbox 337 729 401 802; x_wconf 90' lang='lat' dir='ltr'>Sed</span> <span class='ocrx_word' id='word_1_5' title='bbox 438 729 479 800; x_wconf 87' lang='lat' dir='ltr'>ad</span> <span class='ocrx_word' id='word_1_6' title='bbox 509 740 666 800; x_wconf 87' lang='lat' dir='ltr'>nostrum</span> <span class='ocrx_word' id='word_1_7' title='bbox 692 730 910 824; x_wconf 89' lang='lat' dir='ltr'>propositum</span> <span class='ocrx_word' id='word_1_8' title='bbox 936 727 1004 800; x_wconf 81' lang='lat' dir='ltr'>illae</span> <span class='ocrx_word' id='word_1_9' title='bbox 1032 729 1253 824; x_wconf 90' lang='lat' dir='ltr'>potissimum</span> <span class='ocrx_word' id='word_1_10' title='bbox 1279 732 1454 826; x_wconf 87' lang='lat' dir='ltr'>pertinent</span> 
     </span>
     <span class='ocr_line' id='line_1_3' title="bbox 287 849 1454 949; baseline 0 -23"><span class='ocrx_word' id='word_1_11' title='bbox 287 853 413 926; x_wconf 83' lang='lat' dir='ltr'>lahulae</span> <span class='ocrx_word' id='word_1_12' title='bbox 438 852 474 924; x_wconf 93' lang='lat' dir='ltr'>in</span> <span class='ocrx_word' id='word_1_13' title='bbox 489 850 617 948; x_wconf 87' lang='lat' dir='ltr'>quibus</span> <span class='ocrx_word' id='word_1_14' title='bbox 631 849 837 924; x_wconf 83' lang='lat' dir='ltr'>diviniorem</span> <span class='ocrx_word' id='word_1_15' title='bbox 857 851 1042 946; x_wconf 86' lang='lat' dir='ltr'>quamdam</span> <span class='ocrx_word' id='word_1_16' title='bbox 1061 851 1215 947; x_wconf 93' lang='lat' dir='ltr'>speciem</span> <span class='ocrx_word' id='word_1_17' title='bbox 1240 853 1352 948; x_wconf 84' lang='lat' dir='ltr'>puella</span> <span class='ocrx_word' id='word_1_18' title='bbox 1367 877 1454 949; x_wconf 85' lang='lat' dir='ltr'>pree-</span> 
     </span>
     <span class='ocr_line' id='line_1_4' title="bbox 287 965 1453 1072; baseline 0 -21"><span class='ocrx_word' id='word_1_19' title='bbox 287 977 357 1063; x_wconf 77' lang='lat' dir='ltr'>bet</span> <span class='ocrx_word' id='word_1_20' title='bbox 388 977 480 1063; x_wconf 86' lang='lat' dir='ltr'>Quas</span> <span class='ocrx_word' id='word_1_21' title='bbox 512 978 602 1049; x_wconf 90' lang='lat' dir='ltr'>inter</span> <span class='ocrx_word' id='word_1_22' title='bbox 630 975 774 1049; x_wconf 84' lang='lat' dir='ltr'>fortasse</span> <span class='ocrx_word' id='word_1_23' title='bbox 804 975 897 1048; x_wconf 85' lang='grc'><strong>33113</strong></span> <span class='ocrx_word' id='word_1_24' title='bbox 928 965 1103 1072; x_wconf 77' lang='lat' dir='ltr'>antiquior</span> <span class='ocrx_word' id='word_1_25' title='bbox 1131 1000 1235 1072; x_wconf 87' lang='lat' dir='ltr'>quam</span> <span class='ocrx_word' id='word_1_26' title='bbox 1264 978 1377 1051; x_wconf 84' lang='lat' dir='ltr'>labala</span> <span class='ocrx_word' id='word_1_27' title='bbox 1396 978 1453 1051; x_wconf 91' lang='lat' dir='ltr'>illa</span> 
     </span>
     <span class='ocr_line' id='line_1_5' title="bbox 288 1099 1454 1202; baseline 0.002 -30"><span class='ocrx_word' id='word_1_28' title='bbox 288 1100 330 1174; x_wconf 89' lang='lat' dir='ltr'>de</span> <span class='ocrx_word' id='word_1_29' title='bbox 345 1101 446 1174; x_wconf 87' lang='lat' dir='ltr'>Hilda</span> <span class='ocrx_word' id='word_1_30' title='bbox 463 1100 620 1196; x_wconf 85' lang='lat' dir='ltr'>quadam,</span> <span class='ocrx_word' id='word_1_31' title='bbox 638 1122 742 1173; x_wconf 82' lang='lat' dir='ltr'>uxore</span> <span class='ocrx_word' id='word_1_32' title='bbox 758 1099 906 1196; x_wconf 80' lang='lat' dir='ltr'>gigantis</span> <span class='ocrx_word' id='word_1_33' title='bbox 921 1099 1030 1173; x_wconf 89' lang='lat' dir='ltr'>Grimi</span> <span class='ocrx_word' id='word_1_34' title='bbox 1053 1111 1155 1196; x_wconf 86' lang='lat' dir='ltr'>atque</span> <span class='ocrx_word' id='word_1_35' title='bbox 1171 1101 1292 1202; x_wconf 90' lang='lat' dir='ltr'>eadem</span> <span class='ocrx_word' id='word_1_36' title='bbox 1310 1103 1454 1175; x_wconf 89' lang='lat' dir='ltr'>custode</span> 
     </span>
     <span class='ocr_line' id='line_1_6' title="bbox 287 1223 1451 1322; baseline 0 -23"><span class='ocrx_word' id='word_1_37' title='bbox 287 1225 480 1320; x_wconf 87' lang='lat' dir='ltr'>ingentium</span> <span class='ocrx_word' id='word_1_38' title='bbox 500 1224 741 1297; x_wconf 75' lang='lat' dir='ltr'><strong>thesaurorum</strong></span> <span class='ocrx_word' id='word_1_39' title='bbox 764 1223 845 1320; x_wconf 79' lang='lat' dir='ltr'>(qua</span> <span class='ocrx_word' id='word_1_40' title='bbox 860 1224 895 1296; x_wconf 92' lang='lat' dir='ltr'>in</span> <span class='ocrx_word' id='word_1_41' title='bbox 912 1247 949 1297; x_wconf 89' lang='lat' dir='ltr'>re</span> <span class='ocrx_word' id='word_1_42' title='bbox 960 1225 1040 1322; x_wconf 88' lang='lat' dir='ltr'>jure</span> <span class='ocrx_word' id='word_1_43' title='bbox 1060 1248 1141 1299; x_wconf 91' lang='lat' dir='ltr'>cum</span> <span class='ocrx_word' id='word_1_44' title='bbox 1163 1225 1351 1320; x_wconf 87' lang='lat' dir='ltr'>Hiltgunde</span> <span class='ocrx_word' id='word_1_45' title='bbox 1371 1248 1451 1299; x_wconf 93' lang='lat' dir='ltr'>nos·</span> 
     </span>
     <span class='ocr_line' id='line_1_7' title="bbox 286 1342 1454 1444; baseline -0.001 -24"><span class='ocrx_word' id='word_1_46' title='bbox 286 1360 338 1420; x_wconf 87' lang='lat' dir='ltr'>tra</span> <span class='ocrx_word' id='word_1_47' title='bbox 357 1347 523 1444; x_wconf 88' lang='lat' dir='ltr'>conjungi</span> <span class='ocrx_word' id='word_1_48' title='bbox 542 1357 654 1444; x_wconf 91' lang='lat' dir='ltr'>potest</span> <span class='ocrx_word' id='word_1_49' title='bbox 667 1342 789 1419; x_wconf 82' lang='lat' dir='ltr'>aerario</span> <span class='ocrx_word' id='word_1_50' title='bbox 808 1346 914 1440; x_wconf 85' lang='lat' dir='ltr'>regali</span> <span class='ocrx_word' id='word_1_51' title='bbox 929 1346 1141 1443; x_wconf 79' lang='lat' dir='ltr'>praeposita).</span> <span class='ocrx_word' id='word_1_52' title='bbox 1162 1347 1296 1432; x_wconf 85' lang='lat' dir='ltr'>Quibus</span> <span class='ocrx_word' id='word_1_53' title='bbox 1317 1349 1454 1421; x_wconf 88' lang='lat' dir='ltr'>thesau-</span> 
     </span>
     <span class='ocr_line' id='line_1_8' title="bbox 287 1468 1453 1566; baseline 0 -23"><span class='ocrx_word' id='word_1_54' title='bbox 287 1471 334 1543; x_wconf 93' lang='lat' dir='ltr'>ris</span> <span class='ocrx_word' id='word_1_55' title='bbox 349 1493 458 1566; x_wconf 90' lang='lat' dir='ltr'>quum</span> <span class='ocrx_word' id='word_1_56' title='bbox 476 1470 713 1544; x_wconf 79' lang='lat' dir='ltr'>Theudoricus</span> <span class='ocrx_word' id='word_1_57' title='bbox 730 1482 763 1542; x_wconf 90' lang='lat' dir='ltr'>et</span> <span class='ocrx_word' id='word_1_58' title='bbox 778 1468 1035 1542; x_wconf 89' lang='lat' dir='ltr'>Hildebrandus</span> <span class='ocrx_word' id='word_1_59' title='bbox 1052 1469 1082 1540; x_wconf 92' lang='lat' dir='ltr'>vi</span> <span class='ocrx_word' id='word_1_60' title='bbox 1093 1469 1197 1565; x_wconf 88' lang='lat' dir='ltr'>potiri</span> <span class='ocrx_word' id='word_1_61' title='bbox 1212 1469 1349 1560; x_wconf 83' lang='lat' dir='ltr'>vellent,</span> <span class='ocrx_word' id='word_1_62' title='bbox 1366 1471 1453 1543; x_wconf 90' lang='lat' dir='ltr'>acri·</span> 
     </span>
     <span class='ocr_line' id='line_1_9' title="bbox 286 1591 1451 1688; baseline 0.001 -23"><span class='ocrx_word' id='word_1_63' title='bbox 286 1603 339 1666; x_wconf 89' lang='lat' dir='ltr'>ter</span> <span class='ocrx_word' id='word_1_64' title='bbox 351 1616 431 1668; x_wconf 89' lang='lat' dir='ltr'>cum</span> <span class='ocrx_word' id='word_1_65' title='bbox 445 1593 496 1666; x_wconf 93' lang='lat' dir='ltr'>eis</span> <span class='ocrx_word' id='word_1_66' title='bbox 514 1593 614 1665; x_wconf 89' lang='lat' dir='ltr'>Hilda</span> <span class='ocrx_word' id='word_1_67' title='bbox 631 1591 837 1666; x_wconf 87' lang='lat' dir='ltr'>colluctatur</span> <span class='ocrx_word' id='word_1_68' title='bbox 852 1620 861 1682; x_wconf 91' lang='lat'>;</span> <span class='ocrx_word' id='word_1_69' title='bbox 877 1591 931 1666; x_wconf 92' lang='lat' dir='ltr'>his</span> <span class='ocrx_word' id='word_1_70' title='bbox 947 1603 1037 1666; x_wconf 90' lang='lat' dir='ltr'>secta</span> <span class='ocrx_word' id='word_1_71' title='bbox 1054 1592 1089 1664; x_wconf 94' lang='lat' dir='ltr'>in</span> <span class='ocrx_word' id='word_1_72' title='bbox 1106 1593 1192 1665; x_wconf 90' lang='lat' dir='ltr'>duas</span> <span class='ocrx_word' id='word_1_73' title='bbox 1207 1602 1322 1688; x_wconf 84' lang='lat' dir='ltr'>partes</span> <span class='ocrx_word' id='word_1_74' title='bbox 1337 1593 1451 1688; x_wconf 88' lang='lat' dir='ltr'>gladio</span> 
     </span>
     <span class='ocr_line' id='line_1_10' title="bbox 286 1715 1450 1814; baseline -0.003 -24"><span class='ocrx_word' id='word_1_75' title='bbox 286 1715 502 1814; x_wconf 83' lang='lat' dir='ltr'>Theudorici,</span> <span class='ocrx_word' id='word_1_76' title='bbox 529 1715 582 1788; x_wconf 93' lang='lat' dir='ltr'>bis</span> <span class='ocrx_word' id='word_1_77' title='bbox 606 1715 767 1787; x_wconf 89' lang='lat' dir='ltr'>inunum</span> <span class='ocrx_word' id='word_1_78' title='bbox 793 1738 868 1789; x_wconf 92' lang='lat' dir='ltr'>sese</span> <span class='ocrx_word' id='word_1_79' title='bbox 892 1715 1072 1811; x_wconf 81' lang='lat' dir='ltr'>recolligit,</span> <span class='ocrx_word' id='word_1_80' title='bbox 1100 1715 1194 1810; x_wconf 91' lang='lat' dir='ltr'>qnod</span> <span class='ocrx_word' id='word_1_81' title='bbox 1215 1715 1360 1788; x_wconf 82' lang='lat' dir='ltr'>sortasse</span> <span class='ocrx_word' id='word_1_82' title='bbox 1381 1737 1450 1788; x_wconf 93' lang='lat' dir='ltr'>non</span> 
     </span>
     <span class='ocr_line' id='line_1_11' title="bbox 286 1839 1453 1936; baseline 0 -24"><span class='ocrx_word' id='word_1_83' title='bbox 286 1852 339 1914; x_wconf 89' lang='lat' dir='ltr'>est</span> <span class='ocrx_word' id='word_1_84' title='bbox 364 1840 494 1936; x_wconf 88' lang='lat' dir='ltr'>absque</span> <span class='ocrx_word' id='word_1_85' title='bbox 515 1840 609 1915; x_wconf 94' lang='lat' dir='ltr'>omni</span> <span class='ocrx_word' id='word_1_86' title='bbox 646 1839 872 1912; x_wconf 85' lang='lat' dir='ltr'>similitudine</span> <span class='ocrx_word' id='word_1_87' title='bbox 896 1863 976 1912; x_wconf 90' lang='lat' dir='ltr'>cum</span> <span class='ocrx_word' id='word_1_88' title='bbox 998 1841 1253 1913; x_wconf 88' lang='lat' dir='ltr'>resurrectione</span> <span class='ocrx_word' id='word_1_89' title='bbox 1277 1839 1333 1912; x_wconf 84' lang='lat' dir='ltr'>illa</span> <span class='ocrx_word' id='word_1_90' title='bbox 1363 1863 1453 1914; x_wconf 92' lang='lat' dir='ltr'>mor·</span> 
     </span>
     <span class='ocr_line' id='line_1_12' title="bbox 287 1948 1451 2062; baseline -0.002 -24"><span class='ocrx_word' id='word_1_91' title='bbox 287 1976 425 2039; x_wconf 90' lang='lat' dir='ltr'>tuorum</span> <span class='ocrx_word' id='word_1_92' title='bbox 441 1965 476 2036; x_wconf 92' lang='lat' dir='ltr'>in</span> <span class='ocrx_word' id='word_1_93' title='bbox 491 1963 758 2050; x_wconf 71' lang='lat' dir='ltr'>Scurra-lidda,</span> <span class='ocrx_word' id='word_1_94' title='bbox 778 1974 880 2059; x_wconf 88' lang='lat' dir='ltr'>atque</span> <span class='ocrx_word' id='word_1_95' title='bbox 896 1963 1126 2062; x_wconf 81' lang='lat' dir='ltr'>applicatione</span> <span class='ocrx_word' id='word_1_96' title='bbox 1142 1964 1337 2061; x_wconf 87' lang='lat' dir='ltr'>capitumet</span> <span class='ocrx_word' id='word_1_97' title='bbox 1351 1948 1451 2037; x_wconf 66' lang='lat' dir='ltr'>trunss</span> 
     </span>
     <span class='ocr_line' id='line_1_13' title="bbox 286 2088 735 2163; baseline 0.002 -2"><span class='ocrx_word' id='word_1_98' title='bbox 286 2111 407 2162; x_wconf 92' lang='lat' dir='ltr'>corum</span> <span class='ocrx_word' id='word_1_99' title='bbox 421 2089 457 2161; x_wconf 92' lang='lat' dir='ltr'>in</span> <span class='ocrx_word' id='word_1_100' title='bbox 474 2101 598 2163; x_wconf 91' lang='lat' dir='ltr'>nostro·</span> <span class='ocrx_word' id='word_1_101' title='bbox 610 2088 697 2162; x_wconf 88' lang='lat' dir='ltr'>libro</span> <span class='ocrx_word' id='word_1_102' title='bbox 710 2090 735 2162; x_wconf 75' lang='lat'>¹.</span> 
     </span>
    </p>

    <p class='ocr_par' dir='ltr' id='par_1_3' title="bbox 271 2210 1453 3416">
     <span class='ocr_line' id='line_1_14' title="bbox 271 2210 1453 2307; baseline 0.006 -28"><span class='ocrx_word' id='word_1_103' title='bbox 271 2275 274 2279; x_wconf 79' lang='grc'><strong>,</strong></span> <span class='ocrx_word' id='word_1_104' title='bbox 334 2212 372 2284; x_wconf 92' lang='lat' dir='ltr'>ln</span> <span class='ocrx_word' id='word_1_105' title='bbox 387 2211 482 2285; x_wconf 87' lang='lat' dir='ltr'>hisce</span> <span class='ocrx_word' id='word_1_106' title='bbox 497 2210 659 2286; x_wconf 90' lang='lat' dir='ltr'>omnihus</span> <span class='ocrx_word' id='word_1_107' title='bbox 680 2210 814 2284; x_wconf 87' lang='lat' dir='ltr'>sabellis</span> <span class='ocrx_word' id='word_1_108' title='bbox 830 2211 954 2307; x_wconf 87' lang='lat' dir='ltr'>puellae</span> <span class='ocrx_word' id='word_1_109' title='bbox 970 2233 1097 2286; x_wconf 90' lang='lat' dir='ltr'>nomen</span> <span class='ocrx_word' id='word_1_110' title='bbox 1116 2212 1217 2285; x_wconf 88' lang='lat' dir='ltr'>llildn</span> <span class='ocrx_word' id='word_1_111' title='bbox 1235 2222 1306 2301; x_wconf 93' lang='lat' dir='ltr'>est;</span> <span class='ocrx_word' id='word_1_112' title='bbox 1336 2212 1372 2285; x_wconf 93' lang='lat' dir='ltr'>in</span> <span class='ocrx_word' id='word_1_113' title='bbox 1392 2213 1453 2286; x_wconf 87' lang='lat' dir='ltr'>Su·</span> 
     </span>
     <span class='ocr_line' id='line_1_15' title="bbox 288 2332 1450 2432; baseline 0.003 -27"><span class='ocrx_word' id='word_1_114' title='bbox 288 2333 432 2406; x_wconf 79' lang='lat' dir='ltr'>murtder</span> <span class='ocrx_word' id='word_1_115' title='bbox 452 2332 668 2406; x_wconf 66' lang='grc'><strong>1111311316</strong></span> <span class='ocrx_word' id='word_1_116' title='bbox 684 2333 799 2431; x_wconf 92' lang='lat' dir='ltr'>ipsum</span> <span class='ocrx_word' id='word_1_117' title='bbox 817 2332 1029 2428; x_wconf 80' lang='lat' dir='ltr'>Hilcligunna</span> <span class='ocrx_word' id='word_1_118' title='bbox 1046 2356 1174 2406; x_wconf 90' lang='lat' dir='ltr'>nomen</span> <span class='ocrx_word' id='word_1_119' title='bbox 1189 2345 1342 2432; x_wconf 84' lang='lat' dir='ltr'>apparet,</span> <span class='ocrx_word' id='word_1_120' title='bbox 1358 2335 1450 2432; x_wconf 89' lang='lat' dir='ltr'>quod</span> 
     </span>
     <span class='ocr_line' id='line_1_16' title="bbox 287 2456 1452 2553; baseline 0.003 -25"><span class='ocrx_word' id='word_1_121' title='bbox 287 2466 339 2528; x_wconf 87' lang='lat' dir='ltr'>est</span> <span class='ocrx_word' id='word_1_122' title='bbox 353 2456 520 2553; x_wconf 76' lang='lat' dir='ltr'>Valhyriae</span> <span class='ocrx_word' id='word_1_123' title='bbox 537 2457 730 2553; x_wconf 84' lang='lat' dir='ltr'>cujusdam,</span> <span class='ocrx_word' id='word_1_124' title='bbox 750 2457 829 2530; x_wconf 87' lang='lat' dir='ltr'>filiae</span> <span class='ocrx_word' id='word_1_125' title='bbox 845 2456 981 2531; x_wconf 87' lang='lat' dir='ltr'>Swawae</span> <span class='ocrx_word' id='word_1_126' title='bbox 1001 2468 1034 2530; x_wconf 92' lang='lat' dir='ltr'>et</span> <span class='ocrx_word' id='word_1_127' title='bbox 1049 2457 1244 2552; x_wconf 86' lang='lat' dir='ltr'>Sigmundi.</span> <span class='ocrx_word' id='word_1_128' title='bbox 1260 2458 1452 2532; x_wconf 90' lang='lat' dir='ltr'>Parentum</span> 
     </span>
     <span class='ocr_line' id='line_1_17' title="bbox 286 2582 1452 2679; baseline 0 -25"><span class='ocrx_word' id='word_1_129' title='bbox 286 2605 365 2656; x_wconf 91' lang='lat' dir='ltr'>vero</span> <span class='ocrx_word' id='word_1_130' title='bbox 382 2583 522 2657; x_wconf 91' lang='lat' dir='ltr'>nomina</span> <span class='ocrx_word' id='word_1_131' title='bbox 543 2605 584 2657; x_wconf 92' lang='lat' dir='ltr'>eo</span> <span class='ocrx_word' id='word_1_132' title='bbox 607 2583 723 2656; x_wconf 92' lang='lat' dir='ltr'>minus</span> <span class='ocrx_word' id='word_1_133' title='bbox 739 2583 943 2678; x_wconf 85' lang='lat' dir='ltr'>negligenda</span> <span class='ocrx_word' id='word_1_134' title='bbox 966 2583 1059 2679; x_wconf 85' lang='lat' dir='ltr'>quod</span> <span class='ocrx_word' id='word_1_135' title='bbox 1083 2583 1136 2657; x_wconf 91' lang='lat' dir='ltr'>his</span> <span class='ocrx_word' id='word_1_136' title='bbox 1152 2582 1322 2656; x_wconf 86' lang='lat' dir='ltr'>natalibus</span> <span class='ocrx_word' id='word_1_137' title='bbox 1341 2584 1452 2656; x_wconf 92' lang='lat' dir='ltr'>Hildi-</span> 
     </span>
     <span class='ocr_line' id='line_1_18' title="bbox 286 2689 1451 2803; baseline 0 -24"><span class='ocrx_word' id='word_1_138' title='bbox 286 2689 460 2802; x_wconf 64' lang='lat' dir='ltr'>gunna&#39;ab</span> <span class='ocrx_word' id='word_1_139' title='bbox 481 2707 601 2780; x_wconf 87' lang='lat' dir='ltr'>eedem</span> <span class='ocrx_word' id='word_1_140' title='bbox 616 2706 722 2802; x_wconf 87' lang='lat' dir='ltr'>stirpe</span> <span class='ocrx_word' id='word_1_141' title='bbox 738 2699 909 2803; x_wconf 90' lang='lat' dir='ltr'>originem</span> <span class='ocrx_word' id='word_1_142' title='bbox 929 2706 1057 2779; x_wconf 90' lang='lat' dir='ltr'>ducere</span> <span class='ocrx_word' id='word_1_143' title='bbox 1074 2707 1257 2798; x_wconf 85' lang='lat' dir='ltr'>indicatur,</span> <span class='ocrx_word' id='word_1_144' title='bbox 1274 2730 1339 2802; x_wconf 89' lang='lat' dir='ltr'>qua</span> <span class='ocrx_word' id='word_1_145' title='bbox 1357 2707 1451 2802; x_wconf 85' lang='lat' dir='ltr'>Sieg·</span> 
     </span>
     <span class='ocr_line' id='line_1_19' title="bbox 286 2828 1451 2926; baseline 0.002 -25"><span class='ocrx_word' id='word_1_146' title='bbox 286 2828 385 2920; x_wconf 85' lang='lat' dir='ltr'>sried,</span> <span class='ocrx_word' id='word_1_147' title='bbox 411 2830 446 2902; x_wconf 94' lang='lat' dir='ltr'>id</span> <span class='ocrx_word' id='word_1_148' title='bbox 469 2841 520 2903; x_wconf 91' lang='lat' dir='ltr'>est</span> <span class='ocrx_word' id='word_1_149' title='bbox 548 2853 565 2902; x_wconf 87' lang='grc'>3</span> <span class='ocrx_word' id='word_1_150' title='bbox 593 2852 720 2925; x_wconf 85' lang='lat' dir='ltr'>genere</span> <span class='ocrx_word' id='word_1_151' title='bbox 742 2829 959 2924; x_wconf 86' lang='lat' dir='ltr'>Wiilsungeu</span> <span class='ocrx_word' id='word_1_152' title='bbox 984 2830 1110 2926; x_wconf 90' lang='lat' dir='ltr'>quibus</span> <span class='ocrx_word' id='word_1_153' title='bbox 1135 2831 1322 2925; x_wconf 81' lang='lat' dir='ltr'>Nillungen</span> <span class='ocrx_word' id='word_1_154' title='bbox 1340 2854 1451 2925; x_wconf 87' lang='lat' dir='ltr'>genus</span> 
     </span>
     <span class='ocr_line' id='line_1_20' title="bbox 285 2953 1451 3049; baseline 0.002 -25"><span class='ocrx_word' id='word_1_155' title='bbox 285 2953 379 3026; x_wconf 90' lang='lat' dir='ltr'>omni</span> <span class='ocrx_word' id='word_1_156' title='bbox 395 2963 550 3049; x_wconf 91' lang='lat' dir='ltr'>tempore</span> <span class='ocrx_word' id='word_1_157' title='bbox 566 2953 756 3025; x_wconf 89' lang='lat' dir='ltr'>inimicum.</span> <span class='ocrx_word' id='word_1_158' title='bbox 781 2953 852 3025; x_wconf 88' lang='lat' dir='ltr'>Hac</span> <span class='ocrx_word' id='word_1_159' title='bbox 875 2962 989 3024; x_wconf 88' lang='lat' dir='ltr'>autem</span> <span class='ocrx_word' id='word_1_160' title='bbox 1005 2953 1181 3025; x_wconf 85' lang='lat' dir='ltr'>inimicitia</span> <span class='ocrx_word' id='word_1_161' title='bbox 1203 2954 1377 3026; x_wconf 90' lang='lat' dir='ltr'>neminem</span> <span class='ocrx_word' id='word_1_162' title='bbox 1398 2954 1451 3026; x_wconf 85' lang='lat' dir='ltr'>lu·</span> 
     </span>
     <span class='ocr_line' id='line_1_21' title="bbox 283 3075 1450 3173; baseline 0.001 -24"><span class='ocrx_word' id='word_1_163' title='bbox 283 3077 332 3172; x_wconf 85' lang='lat' dir='ltr'>git</span> <span class='ocrx_word' id='word_1_164' title='bbox 346 3099 499 3173; x_wconf 90' lang='lat' dir='ltr'>perenne</span> <span class='ocrx_word' id='word_1_165' title='bbox 515 3075 634 3149; x_wconf 92' lang='lat' dir='ltr'>odium</span> <span class='ocrx_word' id='word_1_166' title='bbox 649 3076 791 3148; x_wconf 87' lang='lat' dir='ltr'>luminis</span> <span class='ocrx_word' id='word_1_167' title='bbox 806 3085 840 3148; x_wconf 87' lang='lat' dir='ltr'>et</span> <span class='ocrx_word' id='word_1_168' title='bbox 855 3075 1075 3148; x_wconf 88' lang='lat' dir='ltr'>tenebrarum</span> <span class='ocrx_word' id='word_1_169' title='bbox 1092 3077 1247 3173; x_wconf 85' lang='lat' dir='ltr'>figurari.</span> <span class='ocrx_word' id='word_1_170' title='bbox 1265 3077 1386 3172; x_wconf 85' lang='lat' dir='ltr'>Neque</span> <span class='ocrx_word' id='word_1_171' title='bbox 1398 3101 1450 3150; x_wconf 91' lang='lat' dir='ltr'>se-</span> 
     </span>
     <span class='ocr_line' id='line_1_22' title="bbox 283 3175 1449 3296; baseline 0.001 -25"><span class='ocrx_word' id='word_1_172' title='bbox 283 3199 352 3272; x_wconf 92' lang='lat' dir='ltr'>mel</span> <span class='ocrx_word' id='word_1_173' title='bbox 368 3199 527 3272; x_wconf 89' lang='lat' dir='ltr'>laudatur</span> <span class='ocrx_word' id='word_1_174' title='bbox 544 3199 580 3271; x_wconf 91' lang='lat' dir='ltr'>in</span> <span class='ocrx_word' id='word_1_175' title='bbox 596 3175 748 3271; x_wconf 88' lang='lat' dir='ltr'>carmine</span> <span class='ocrx_word' id='word_1_176' title='bbox 764 3208 882 3272; x_wconf 91' lang='lat' dir='ltr'>nostro</span> <span class='ocrx_word' id='word_1_177' title='bbox 898 3198 987 3271; x_wconf 89' lang='lat' dir='ltr'>acies</span> <span class='ocrx_word' id='word_1_178' title='bbox 1004 3198 1185 3270; x_wconf 90' lang='lat' dir='ltr'>oculorum</span> <span class='ocrx_word' id='word_1_179' title='bbox 1208 3198 1372 3294; x_wconf 83' lang='lat' dir='ltr'>puellae³3</span> <span class='ocrx_word' id='word_1_180' title='bbox 1390 3223 1449 3296; x_wconf 88' lang='lat' dir='ltr'>pa-</span> 
     </span>
     <span class='ocr_line' id='line_1_23' title="bbox 284 3319 1263 3416; baseline 0 -23"><span class='ocrx_word' id='word_1_181' title='bbox 284 3322 367 3395; x_wconf 88' lang='lat' dir='ltr'>riter</span> <span class='ocrx_word' id='word_1_182' title='bbox 385 3323 422 3395; x_wconf 93' lang='lat' dir='ltr'>in</span> <span class='ocrx_word' id='word_1_183' title='bbox 435 3321 653 3416; x_wconf 77' lang='lat' dir='ltr'>Nibelunpeo</span> <span class='ocrx_word' id='word_1_184' title='bbox 668 3321 836 3394; x_wconf 85' lang='lat' dir='ltr'>acerrimo</span> <span class='ocrx_word' id='word_1_185' title='bbox 853 3321 928 3392; x_wconf 91' lang='lat' dir='ltr'>visu</span> <span class='ocrx_word' id='word_1_186' title='bbox 939 3320 1068 3392; x_wconf 90' lang='lat' dir='ltr'>eminet</span> <span class='ocrx_word' id='word_1_187' title='bbox 1084 3319 1263 3416; x_wconf 86' lang='lat' dir='ltr'>Siegfried.</span> 
     </span>
    </p>

    <p class='ocr_par' dir='ltr' id='par_1_4' title="bbox 282 3442 1479 4012">
     <span class='ocr_line' id='line_1_24' title="bbox 331 3442 1446 3545; baseline -0.001 -26"><span class='ocrx_word' id='word_1_188' title='bbox 331 3447 422 3519; x_wconf 91' lang='lat' dir='ltr'>Num</span> <span class='ocrx_word' id='word_1_189' title='bbox 439 3459 612 3545; x_wconf 87' lang='lat' dir='ltr'>postremo</span> <span class='ocrx_word' id='word_1_190' title='bbox 626 3468 769 3519; x_wconf 90' lang='lat' dir='ltr'>necesse</span> <span class='ocrx_word' id='word_1_191' title='bbox 794 3455 845 3516; x_wconf 89' lang='lat' dir='ltr'>est</span> <span class='ocrx_word' id='word_1_192' title='bbox 864 3442 1065 3516; x_wconf 82' lang='lat' dir='ltr'>Brunhildae</span> <span class='ocrx_word' id='word_1_193' title='bbox 1088 3443 1302 3515; x_wconf 90' lang='lat' dir='ltr'>mentionem</span> <span class='ocrx_word' id='word_1_194' title='bbox 1322 3445 1446 3532; x_wconf 83' lang='lat' dir='ltr'>facere,</span> 
     </span>
     <span class='ocr_line' id='line_1_25' title="bbox 284 3566 1479 3665; baseline 0 -24"><span class='ocrx_word' id='word_1_195' title='bbox 284 3593 352 3642; x_wconf 92' lang='lat' dir='ltr'>non</span> <span class='ocrx_word' id='word_1_196' title='bbox 380 3570 472 3643; x_wconf 89' lang='lat' dir='ltr'>illius</span> <span class='ocrx_word' id='word_1_197' title='bbox 496 3569 710 3643; x_wconf 87' lang='lat' dir='ltr'>humanioris</span> <span class='ocrx_word' id='word_1_198' title='bbox 735 3568 874 3665; x_wconf 90' lang='lat' dir='ltr'>quidem</span> <span class='ocrx_word' id='word_1_199' title='bbox 896 3591 973 3664; x_wconf 87' lang='lat' dir='ltr'>quae</span> <span class='ocrx_word' id='word_1_200' title='bbox 997 3578 1048 3641; x_wconf 89' lang='lat' dir='ltr'>est</span> <span class='ocrx_word' id='word_1_201' title='bbox 1072 3568 1107 3639; x_wconf 94' lang='lat' dir='ltr'>in</span> <span class='ocrx_word' id='word_1_202' title='bbox 1131 3566 1361 3663; x_wconf 80' lang='lat' dir='ltr'>Nibelunpcn,</span> <span class='ocrx_word' id='word_1_203' title='bbox 1387 3569 1446 3641; x_wconf 92' lang='lat' dir='ltr'>sed</span> <span class='ocrx_word' id='word_1_204' title='bbox 1475 3607 1479 3614; x_wconf 96' lang='lat'><em>·</em></span> 
     </span>
     <span class='ocr_line' id='line_1_26' title="bbox 282 3688 1448 3789; baseline -0.002 -23"><span class='ocrx_word' id='word_1_205' title='bbox 282 3692 448 3789; x_wconf 82' lang='lat' dir='ltr'>Valhyriae</span> <span class='ocrx_word' id='word_1_206' title='bbox 462 3693 505 3765; x_wconf 92' lang='lat' dir='ltr'>de</span> <span class='ocrx_word' id='word_1_207' title='bbox 520 3715 586 3788; x_wconf 87' lang='lat' dir='ltr'>qua</span> <span class='ocrx_word' id='word_1_208' title='bbox 601 3692 635 3765; x_wconf 95' lang='lat' dir='ltr'>in</span> <span class='ocrx_word' id='word_1_209' title='bbox 651 3690 753 3764; x_wconf 81' lang='lat' dir='ltr'>Eddu</span> <span class='ocrx_word' id='word_1_210' title='bbox 770 3713 838 3763; x_wconf 92' lang='lat' dir='ltr'>non</span> <span class='ocrx_word' id='word_1_211' title='bbox 855 3691 959 3764; x_wconf 92' lang='lat' dir='ltr'>semel</span> <span class='ocrx_word' id='word_1_212' title='bbox 980 3714 1093 3765; x_wconf 88' lang='lat' dir='ltr'>sermo</span> <span class='ocrx_word' id='word_1_213' title='bbox 1110 3691 1149 3762; x_wconf 82' lang='lat' dir='ltr'>fn</span> <span class='ocrx_word' id='word_1_214' title='bbox 1162 3691 1179 3762; x_wconf 87' lang='lat' dir='ltr'>‘l</span> <span class='ocrx_word' id='word_1_215' title='bbox 1192 3691 1282 3765; x_wconf 81' lang='lat' dir='ltr'>&#39;Cum</span> <span class='ocrx_word' id='word_1_216' title='bbox 1297 3715 1336 3764; x_wconf 90' lang='grc'>33</span> <span class='ocrx_word' id='word_1_217' title='bbox 1354 3688 1448 3764; x_wconf 92' lang='lat' dir='ltr'>enim</span> 
     </span>
     <span class='ocr_line' id='line_1_27' title="bbox 283 3792 1448 3910; baseline 0.001 -23"><span class='ocrx_word' id='word_1_218' title='bbox 283 3792 398 3889; x_wconf 88' lang='lat' dir='ltr'>nostra</span> <span class='ocrx_word' id='word_1_219' title='bbox 415 3840 484 3889; x_wconf 93' lang='lat' dir='ltr'>non</span> <span class='ocrx_word' id='word_1_220' title='bbox 496 3814 608 3888; x_wconf 92' lang='lat' dir='ltr'>solum</span> <span class='ocrx_word' id='word_1_221' title='bbox 620 3837 747 3888; x_wconf 89' lang='lat' dir='ltr'>nomen</span> <span class='ocrx_word' id='word_1_222' title='bbox 763 3814 823 3887; x_wconf 92' lang='lat' dir='ltr'>sed</span> <span class='ocrx_word' id='word_1_223' title='bbox 835 3815 991 3910; x_wconf 80' lang='lat' dir='ltr'>quaedam</span> <span class='ocrx_word' id='word_1_224' title='bbox 1007 3815 1110 3888; x_wconf 86' lang='grc'><strong>331131</strong></span> <span class='ocrx_word' id='word_1_225' title='bbox 1122 3814 1329 3888; x_wconf 87' lang='lat' dir='ltr'>lineamenta</span> <span class='ocrx_word' id='word_1_226' title='bbox 1344 3816 1448 3889; x_wconf 88' lang='lat' dir='ltr'>habet</span> 
     </span>
     <span class='ocr_line' id='line_1_28' title="bbox 282 3961 491 4012; baseline -0.01 0"><span class='ocrx_word' id='word_1_227' title='bbox 282 3961 491 4012; x_wconf 80' lang='lat' dir='ltr'>communia.</span> 
     </span>
    </p>
   </div>
   <div class='ocr_carea' id='block_1_2' title="bbox 233 4227 1444 4469">
    <p class='ocr_par' dir='ltr' id='par_1_5' title="bbox 233 4227 1444 4469">
     <span class='ocr_line' id='line_1_29' title="bbox 320 4227 903 4291; baseline 0.002 -14"><span class='ocrx_word' id='word_1_228' title='bbox 320 4230 343 4279; x_wconf 88' lang='grc'><strong>1.</strong></span> <span class='ocrx_word' id='word_1_229' title='bbox 363 4228 544 4291; x_wconf 77' lang='lat' dir='ltr'>thttnusupa,</span> <span class='ocrx_word' id='word_1_230' title='bbox 562 4241 615 4290; x_wconf 86' lang='lat' dir='ltr'>cap.</span> <span class='ocrx_word' id='word_1_231' title='bbox 634 4227 709 4287; x_wconf 92' lang='grc'><strong>16,1.</strong></span> <span class='ocrx_word' id='word_1_232' title='bbox 726 4241 759 4290; x_wconf 92' lang='lat' dir='ltr'>c.‚</span> <span class='ocrx_word' id='word_1_233' title='bbox 776 4228 847 4289; x_wconf 72' lang='lat' dir='ltr'>pii</span> <span class='ocrx_word' id='word_1_234' title='bbox 865 4241 903 4290; x_wconf 85' lang='lat' dir='ltr'>sq.</span> 
     </span>
     <span class='ocr_line' id='line_1_30' title="bbox 233 4316 1444 4399; baseline 0.002 -24"><span class='ocrx_word' id='word_1_235' title='bbox 233 4392 235 4399; x_wconf 32' lang='grc' dir='ltr'>Ι</span> <span class='ocrx_word' id='word_1_236' title='bbox 276 4345 277 4348; x_wconf 48' lang='grc'><strong>“</strong></span> <span class='ocrx_word' id='word_1_237' title='bbox 317 4323 530 4388; x_wconf 70' lang='grc'><strong>211336131131,</strong></span> <span class='ocrx_word' id='word_1_238' title='bbox 549 4323 666 4384; x_wconf 87' lang='lat' dir='ltr'>Simrock,</span> <span class='ocrx_word' id='word_1_239' title='bbox 681 4337 707 4386; x_wconf 90' lang='lat' dir='ltr'>p.</span> <span class='ocrx_word' id='word_1_240' title='bbox 726 4325 785 4382; x_wconf 85' lang='grc'><strong>106,</strong></span> <span class='ocrx_word' id='word_1_241' title='bbox 805 4324 863 4386; x_wconf 80' lang='grc'><strong>122,</strong></span> <span class='ocrx_word' id='word_1_242' title='bbox 888 4325 946 4385; x_wconf 88' lang='grc'><strong>125,</strong></span> <span class='ocrx_word' id='word_1_243' title='bbox 967 4324 1025 4375; x_wconf 84' lang='grc'><strong>121.</strong></span> <span class='ocrx_word' id='word_1_244' title='bbox 1047 4324 1083 4376; x_wconf 80' lang='lat' dir='ltr'>Gi.</span> <span class='ocrx_word' id='word_1_245' title='bbox 1100 4316 1228 4390; x_wconf 81' lang='lat' dir='ltr'>Stnfiotlis</span> <span class='ocrx_word' id='word_1_246' title='bbox 1243 4324 1323 4390; x_wconf 74' lang='lat' dir='ltr'>dude,</span> <span class='ocrx_word' id='word_1_247' title='bbox 1342 4339 1366 4388; x_wconf 90' lang='lat' dir='ltr'>p.</span> <span class='ocrx_word' id='word_1_248' title='bbox 1385 4325 1444 4394; x_wconf 81' lang='grc'><strong>146,</strong></span> 
     </span>
     <span class='ocr_line' id='line_1_31' title="bbox 280 4403 1444 4469; baseline 0.003 -14"><span class='ocrx_word' id='word_1_249' title='bbox 280 4409 305 4456; x_wconf 85' lang='grc'>31</span> <span class='ocrx_word' id='word_1_250' title='bbox 324 4406 542 4469; x_wconf 70' lang='grc'><strong>131333938393,</strong></span> <span class='ocrx_word' id='word_1_251' title='bbox 560 4417 613 4466; x_wconf 88' lang='lat' dir='ltr'>cap.</span> <span class='ocrx_word' id='word_1_252' title='bbox 630 4405 701 4466; x_wconf 85' lang='grc'><strong>6-21,</strong></span> <span class='ocrx_word' id='word_1_253' title='bbox 719 4406 785 4456; x_wconf 81' lang='grc'><strong>1.(1.</strong></span> <span class='ocrx_word' id='word_1_254' title='bbox 802 4405 895 4468; x_wconf 82' lang='lat' dir='ltr'>Hagen,</span> <span class='ocrx_word' id='word_1_255' title='bbox 913 4405 962 4455; x_wconf 86' lang='lat' dir='ltr'>vol.</span> <span class='ocrx_word' id='word_1_256' title='bbox 981 4403 1017 4467; x_wconf 86' lang='lat' dir='ltr'>lV,</span> <span class='ocrx_word' id='word_1_257' title='bbox 1035 4406 1076 4456; x_wconf 91' lang='lat' dir='ltr'>nbi</span> <span class='ocrx_word' id='word_1_258' title='bbox 1089 4406 1119 4455; x_wconf 90' lang='lat' dir='ltr'>de</span> <span class='ocrx_word' id='word_1_259' title='bbox 1141 4404 1265 4467; x_wconf 79' lang='lat' dir='ltr'>sigmundi</span> <span class='ocrx_word' id='word_1_260' title='bbox 1276 4406 1344 4458; x_wconf 84' lang='lat' dir='ltr'>obitu</span> <span class='ocrx_word' id='word_1_261' title='bbox 1354 4407 1444 4469; x_wconf 77' lang='lat' dir='ltr'>agitur.</span> 
     </span>
    </p>
   </div>
   <div class='ocr_carea' id='block_1_3' title="bbox 318 4507 1204 4656">
    <p class='ocr_par' dir='ltr' id='par_1_6' title="bbox 318 4507 1204 4656">
     <span class='ocr_line' id='line_1_32' title="bbox 318 4507 1204 4576; baseline 0.002 -16"><span class='ocrx_word' id='word_1_262' title='bbox 318 4512 343 4560; x_wconf 76' lang='grc' dir='ltr'>ὃ.</span> <span class='ocrx_word' id='word_1_263' title='bbox 361 4509 419 4560; x_wconf 86' lang='lat' dir='ltr'>Nam</span> <span class='ocrx_word' id='word_1_264' title='bbox 434 4511 519 4572; x_wconf 89' lang='lat' dir='ltr'>procul</span> <span class='ocrx_word' id='word_1_265' title='bbox 533 4509 591 4560; x_wconf 90' lang='lat' dir='ltr'>hinc</span> <span class='ocrx_word' id='word_1_266' title='bbox 604 4509 670 4561; x_wconf 81' lang='lat' dir='ltr'>acies</span> <span class='ocrx_word' id='word_1_267' title='bbox 684 4511 749 4573; x_wconf 86' lang='lat' dir='ltr'>potis</span> <span class='ocrx_word' id='word_1_268' title='bbox 762 4524 790 4562; x_wconf 87' lang='lat' dir='ltr'>es</span> <span class='ocrx_word' id='word_1_269' title='bbox 803 4511 971 4562; x_wconf 80' lang='lat' dir='ltr'>transmittere</span> <span class='ocrx_word' id='word_1_270' title='bbox 986 4524 1061 4574; x_wconf 86' lang='lat' dir='ltr'>puras</span> <span class='ocrx_word' id='word_1_271' title='bbox 1078 4507 1112 4576; x_wconf 85' lang='grc'>11.</span> <span class='ocrx_word' id='word_1_272' title='bbox 1132 4507 1204 4576; x_wconf 80' lang='grc'><strong>5091.</strong></span> 
     </span>
     <span class='ocr_line' id='line_1_33' title="bbox 362 4585 1145 4656; baseline 0.004 -18"><span class='ocrx_word' id='word_1_273' title='bbox 362 4588 390 4639; x_wconf 82' lang='lat' dir='ltr'>ut</span> <span class='ocrx_word' id='word_1_274' title='bbox 404 4590 488 4651; x_wconf 86' lang='lat' dir='ltr'>procul</span> <span class='ocrx_word' id='word_1_275' title='bbox 504 4589 624 4650; x_wconf 84' lang='lat' dir='ltr'>aspiciens</span> <span class='ocrx_word' id='word_1_276' title='bbox 640 4589 749 4650; x_wconf 79' lang='lat' dir='ltr'>lliltgnnt</span> <span class='ocrx_word' id='word_1_277' title='bbox 763 4591 793 4640; x_wconf 92' lang='lat' dir='ltr'>de</span> <span class='ocrx_word' id='word_1_278' title='bbox 809 4591 900 4641; x_wconf 88' lang='lat' dir='ltr'>vertice</span> <span class='ocrx_word' id='word_1_279' title='bbox 915 4591 1005 4640; x_wconf 90' lang='lat' dir='ltr'>montis</span> <span class='ocrx_word' id='word_1_280' title='bbox 1021 4587 1055 4656; x_wconf 86' lang='lat' dir='ltr'>(v.</span> <span class='ocrx_word' id='word_1_281' title='bbox 1073 4585 1145 4655; x_wconf 80' lang='grc'><strong>5321.</strong></span> 
     </span>
    </p>
   </div>
   <div class='ocr_carea' id='block_1_4' title="bbox 0 0 1740 5648">
    <p class='ocr_par' dir='ltr' id='par_1_7' title="bbox 0 0 1740 5648">
     <span class='ocr_line' id='line_1_34' title="bbox 0 0 1740 5648; baseline 0 2"><span class='ocrx_word' id='word_1_282' title='bbox 0 0 1740 5648; x_wconf 95' lang='lat' dir='ltr'> </span> 
     </span>
    </p>
   </div>
  </div>
 </body>
</html>
