3472 5648
739 553 982 626 ..30-

383 720 469 783 llunc
481 739 536 799 ego
552 739 617 782 mos
633 739 705 781 auro
720 720 859 782 vestirem
873 739 953 800 saepe
966 726 1086 782 recocto

382 815 419 879 Et
432 817 537 879 tellure
552 817 673 898 quidem
687 825 814 879 stantem
830 817 900 878 binc
914 816 984 878 inde
998 834 1155 878 onerarem

381 914 478 996 Atque
493 915 569 976 riam
581 916 700 996 penitus
716 915 902 991 clausissem,
917 915 992 989 siro,
1007 913 1139 988 talentis,

278 1152 512 1227 vetustissimo
529 1153 633 1228 elicui
654 1155 743 1229 mori
757 1154 982 1229 alludout'vel
999 1154 1206 1228 suffereudae
1224 1151 1376 1240 muletae,
1395 1149 1446 1223 vel

279 1273 472 1349 tribuendae
490 1277 792 1352 remunerationis.
810 1277 867 1351 Sic
882 1277 1112 1371 Fredegarius
1127 1277 1233 1349 refert
1255 1273 1444 1360 Alaricum,

279 1399 554 1496 Wisigotharum
573 1424 734 1497 regem,a
749 1402 965 1475 Theoderico
973 1402 1038 1475 hae
1053 1423 1153 1498 poena
1169 1397 1446 1472 affectumlnisse

279 1534 317 1595 ut
337 1523 502 1620 equitem,
519 1535 687 1599 arrectam
704 1526 859 1599 lanceam
871 1536 1058 1616 tenentem,
1068 1536 1179 1598 totum
1194 1521 1359 1618 usquead
1370 1543 1446 1595 mu-

279 1667 423 1721 eronem
443 1648 557 1721 aureis
577 1648 729 1722 nummis
740 1648 901 1744 operiret.

327 1770 422 1843 luter
433 1793 509 1866 quae
520 1782 711 1845 occurrunt
725 1770 889 1866 exempla,
901 1771 1080 1868 complura
1095 1771 1138 1842 ad
1158 1768 1356 1843 barbariem
1368 1766 1445 1840 illo-

280 1915 358 1965 rum
373 1903 571 1989 temporum
582 1894 765 1990 pertinent.
781 1894 911 1966 Heroas
922 1893 1016 1965 enim
1031 1893 1153 1983 nostri,
1165 1914 1365 1988 quanquam
1377 1913 1447 1964 nou

274 2013 348 2111 jam
373 2012 407 2085 in
436 2013 493 2086 illa
518 2013 724 2088 inconcinna
746 2013 880 2088 feritate
898 2026 1091 2105 versantur,
1113 2039 1191 2110 quae
1209 2016 1243 2088 in
1266 2014 1369 2088 Eddo
1389 2024 1448 2086 ant

279 2136 313 2210 iu
341 2137 488 2210 Gadauu
507 2149 566 2210 aut
586 2139 621 2210 in
645 2137 717 2210 Atb‘
740 2138 954 2211 carminibus
977 2138 1166 2235 reperitur,
1198 2136 1448 2210 urbanioribus

279 2270 394 2333 tamen
423 2256 491 2332 illis
507 2258 700 2349 munditiis,
721 2282 797 2355 quae
812 2260 1009 2333 duodecimi
1030 2261 1149 2334 saeeuli
1166 2259 1342 2356 equitibus
1365 2268 1448 2331 sunt

282 2381 488 2480 peculiares,
505 2383 648 2456 omnino
664 2394 791 2456 carent.
810 2384 848 2456 ln
864 2383 1052 2479 praeliando
1072 2381 1326 2470 erudelissimi3
1348 2379 1449 2454 victis

281 2504 374 2579 nulla
397 2505 492 2579 venia
513 2531 520 2578 :
542 2504 755 2579 Wallhurius
776 2505 919 2579 devietis
941 2505 1110 2596 hostibus,
1134 2514 1268 2601 arrepta
1294 2503 1448 2594 caesarie,

281 2638 385 2726 eaput
412 2628 571 2720 abscidit,
587 2629 639 2702 vel
659 2639 849 2724 prostratos
870 2630 912 2702 ad
934 2631 1081 2702 humum
1103 2629 1235 2725 aflligit,
1264 2629 1315 2702 vel
1335 2606 1450 2701 struu-

281 2752 405 2850 gulae,
431 2774 575 2850 corpore
599 2763 818 2825 mortuorum
833 2753 937 2826 armis
954 2753 1107 2849 spoliata

330 2874 451 2971 Neque
474 2873 601 2947 desunt
621 2875 688 2948 looi
714 2875 772 2948 ubi
801 2875 993 2950 certissima
1022 2898 1163 2972 paganae
1187 2873 1452 2971 superstitionis

280 2995 420 3091 vestigia
441 2994 602 3093 reperias.
619 2996 660 3068 V.
687 2997 933 3085 rasamenta
950 2997 1182 3072 Waltharium
1209 3023 1225 3067 <‹
1248 2998 1352 3076 fauno
1376 2997 1453 3070 oui-

282 3118 361 3192 dum
382 3117 528 3192 saltibus
546 3129 710 3192 assueto»
730 3130 905 3216 comparat
920 3146 928 3208 ;
946 3120 1130 3192 faunorum
1142 3142 1222 3192 vero
1237 3143 1380 3210 nomen,
1397 3120 1452 3192 vel

282 3241 505 3330 abonorum,
526 3240 577 3313 vel
595 3250 786 3337 satyrorum
802 3263 820 3313 a
835 3241 1032 3314 christianis
1048 3241 1261 3337 presbyteris
1276 3240 1454 3315 tribueba-

283 3376 339 3438 tur
353 3363 504 3461 antiquis
515 3363 770 3437 Germanorum
786 3363 1000 3453 numinibus,
1017 3387 1095 3459 quae
1111 3366 1287 3460 quondam
1302 3365 1338 3437 in
1356 3365 1454 3438 silvis

283 3488 349 3562 coli
369 3487 467 3562 solita
485 3486 611 3560 erunt³.
633 3485 671 3558 V.
697 3484 793 3562 tuto
811 3509 931 3561 manes
958 3487 1167 3560 moriturum
1190 3487 1305 3560 rident
1323 3512 1334 3577 ;
1356 3489 1454 3585 quod

282 3609 490 3685 uocabulum
506 3638 522 3678 u
540 3630 660 3681 titanes
671 3634 688 3677 u
701 3631 772 3682 non
783 3632 885 3705 prave
897 3632 959 3705 per
973 3611 1212 3704 germanicum
1231 3612 1416 3685 «unholde
1432 3639 1450 3682 t>

283 3756 483 3831 expressum
498 3743 550 3806 est
568 3730 626 3826 tel.
639 3755 668 3804 u.
681 3730 776 3825 850).
788 3733 829 3804 V.
844 3732 916 3806 794
933 3759 950 3802 u
966 3745 1150 3807 venenatus
1161 3734 1302 3828 sagittus
1319 3762 1351 3825 s,
1363 3735 1456 3808 Sau-

283 3856 390 3929 llurte
408 3865 447 3928 ut
462 3851 573 3926 Ouidii
600 3851 764 3947 «uirgam
788 3865 1035 3943 venenatam»,
1062 3856 1241 3930 maleficiis
1267 3858 1456 3932 fascinatas

322 4134 345 4182 t.
362 4128 405 4180 l'r.
421 4128 483 4189 lta,
507 4131 567 4196 lou,
586 4129 650 4194 llll,
669 4132 731 4183 aab.
751 4131 812 4181 931.
837 4128 931 4182 Pariter
953 4131 1040 4182 suano
1059 4135 1137 4184 retest
1157 4133 1239 4186 Gallos
1260 4137 1350 4188 solitos
1373 4139 1456 4190 tuisse

281 4209 438 4263 luitulmuum
452 4213 555 4259 eruente
569 4207 650 4270 sanita
664 4208 732 4260 selle
747 4211 908 4273 suspendere.
926 4210 963 4262 ΕΙ.
978 4213 1178 4276 Suorro-llddo,
1198 4217 1224 4266 2³.

320 4308 346 4357 ζ’,
364 4304 407 4355 l‘r.
426 4306 489 4354 utut
503 4316 542 4366 sq.

320 4405 345 4453 a„
362 4398 399 4451 Cf.
413 4397 533 4461 Tuoltuut,
551 4400 653 4455 aaa„
668 4401 699 4452 a:
716 4398 816 4465 limum,
830 4400 952 4463 Metam,
968 4406 1002 4454 ut)
1015 4416 1066 4468 sq,
1080 4405 1130 4456 tlt
1146 4421 1186 4470 sq.
1202 4406 1240 4458 Cr.
1254 4411 1330 4460 etiam
1348 4423 1406 4474 quae
1419 4415 1459 4464 ni-

285 4484 376 4531 ruutur
388 4479 419 4528 uu
434 4476 502 4527 eruto
514 4476 634 4527 melun
648 4478 751 4529 uestrum
774 4478 800 4528 in
822 4479 888 4529 saltu
903 4479 1006 4542 l'ossgo,
1021 4481 1125 4534 Schelle!
1141 4498 1168 4536 u.
1183 4486 1287 4552 llolder,
1301 4501 1328 4550 p.
1344 4492 1392 4541 tol
1410 4506 1452 4556 sq.

284 4562 311 4609 at
323 4553 425 4611 bustam
440 4553 489 4605 ‹let-
501 4552 665 4617 mamam
676 4554 724 4605 ‹tas
743 4555 969 4621 ll'oltlon'ltedes,
984 4572 1009 4621 l)-
1022 4561 1072 4610 264
1087 4574 1127 4624 sq.
