3472 5648
384 719 704 792 Vindubuneusium
721 721 869 793 alterum
884 735 930 816 tet
947 722 1107 794 eumdem
1123 723 1358 815 vetustiorem)
1375 723 1546 794 Grimmin

383 844 525 917 numiuo
541 844 676 937 ignotus
693 844 818 933 fuisse3
840 847 932 939 quud
953 847 995 917 ml
1016 846 1275 918 Bruxellensem
1295 845 1429 933 attinet,
1452 846 1547 916 hunt·

381 967 510 1039 librum
525 968 670 1041 existere
687 978 845 1042 neverat:
864 991 968 1064 quem
984 969 1125 1062 quidem
1140 971 1313 1064 integrum
1329 982 1363 1041 et
1378 969 1547 1063 antiquis-

381 1091 508 1162 simum
524 1114 599 1163 esse
616 1091 821 1186 suspicatur,
841 1092 901 1164 sed
920 1114 1032 1186 neque
1053 1093 1211 1164 conferre
1231 1115 1320 1179 eum,
1347 1114 1458 1186 neque
1474 1092 1546 1162 eul-

380 1213 449 1285 latn
466 1213 514 1284 uti
533 1212 651 1283 datum
667 1223 729 1284 est.

428 1337 598 1408 Praeterea
627 1335 849 1429 gravissimus
879 1357 977 1407 errnr
1002 1336 1084 1408 latet
1110 1335 1146 1405 in
1175 1335 1234 1407 illu
1258 1336 1351 1431 quod
1375 1338 1482 1408 refert
1500 1335 1543 1407 de

383 1485 400 1527 u
426 1459 662 1532 Moshemiann
685 1485 716 1530 n.
738 1457 913 1532 Amissum
932 1458 1030 1531 illum
1050 1469 1157 1554 putat,
1179 1483 1259 1531 eum
1281 1471 1398 1532 enutrn
1421 1459 1542 1531 uertis-

319 1640 321 1644 .
379 1583 475 1656 simis
500 1606 576 1677 qnae
607 1604 711 1678 supra
740 1583 1016 1655 enumeravimus
1045 1582 1253 1655 testimoniis
1282 1594 1417 1654 constet
1445 1584 1541 1655 hunc

376 1707 504 1802 ipsum,
523 1728 590 1800 quo
607 1704 689 1776 olim
704 1705 848 1777 Fischer
866 1728 950 1777 usus
969 1716 1031 1793 est,
1056 1705 1217 1778 eumdem
1237 1729 1311 1778 esse
1332 1729 1412 1777 uum
1429 1707 1539 1777 Stutt-

375 1828 540 1924 gurdiano
570 1849 683 1921 neque
708 1826 916 1898 Aventinum
944 1827 1056 1898 ullum
1083 1827 1189 1898 alium
1220 1826 1347 1899 librum
1378 1827 1539 1899 manibus

373 1950 509 2022 trivisse
538 1972 641 2044 quam
670 1950 763 2020 huuc
787 1947 1097 2042 Stnttgardinnum.
1124 1950 1215 2042 Ergo
1240 1949 1275 2019 in
1297 1973 1429 2021 summu
1451 1973 1539 2042 quos

374 2071 482 2144 libros
509 2071 620 2142 tribus
647 2069 789 2141 diversis
812 2069 936 2140 litteris
952 2072 1052 2142 CEG
1072 2070 1276 2166 significavit
1298 2070 1442 2158 Grinmr,
1459 2070 1482 2140 ii
1501 2071 1538 2141 in

374 2219 483 2266 unum
507 2205 541 2266 et
572 2193 733 2266 eumdem
758 2193 904 2287 cogendi
932 2206 1023 2282 sunt,
1050 2195 1108 2289 qui
1131 2207 1182 2266 est
1217 2206 1334 2267 noster
1366 2196 1537 2287 Stuttgar-

372 2319 505 2391 dianus.
