3472 5648
742 535 983 607 ...qq-

279 703 385 776 suisse
408 703 590 800 praeposita
617 703 762 777 ridetur.
784 703 878 789 Quos
905 702 948 774 nd
974 702 1234 800 persequendos
1260 702 1445 776 duodecim

276 825 400 898 heroas
414 825 521 904 mittit
534 825 650 915 Attila,
667 827 758 900 inter
772 848 859 922 quos
875 825 1039 921 juvenem
1058 823 1243 920 quemdam
1258 823 1373 921 Hdgni
1391 847 1446 898 vo·

276 949 610 1024 cntum¹.Undecim
624 950 698 1045 jam
719 948 924 1039 interiectis,
951 947 1065 1045 Hdgni
1091 947 1274 1042 aufugiens
1299 947 1337 1020 in
1365 947 1446 1022 silva

277 1093 313 1144 se
332 1071 463 1163 condit,
478 1073 572 1146 unde
587 1095 665 1145 mox
676 1071 837 1146 exsiliens
849 1070 1124 1168 necopinantem
1138 1070 1273 1143 hostem
1284 1080 1445 1167 occupet.

276 1195 411 1268 Interea
429 1195 643 1269 Waltbarius
662 1196 773 1270 lassus
796 1196 1017 1291 sauciusque,
1036 1215 1183 1267 accenso
1203 1192 1289 1290 igni,
1304 1193 1447 1267 dorsum

277 1318 438 1414 aprinum
456 1329 577 1409 torret,
594 1319 686 1416 quod
703 1343 784 1392 eum
794 1318 1012 1414 Hildegunda
1033 1329 1141 1411 totum
1153 1317 1234 1391 edit.
1250 1317 1316 1390 Hic
1333 1318 1446 1412 Hdgni

278 1465 318 1514 ex
331 1441 468 1516 insidiis
483 1465 683 1540 erumpens,
706 1443 826 1516 stricto
844 1441 957 1538 gladio
978 1443 1113 1517 hostem
1131 1441 1313 1538 perfodere
1329 1452 1446 1538 parat;

176 1601 182 1612 ·
277 1564 490 1640 Waltbarius
515 1578 645 1657 contra,
670 1566 898 1664 Hildegundae
922 1567 1073 1640 clamore
1088 1565 1253 1655 monitus,
1269 1577 1446 1662 arreptum

278 1710 317 1762 os
331 1689 493 1784 aprinum
504 1701 573 1762 tam
586 1689 780 1764 vehementi
797 1691 929 1786 impetu
943 1700 1062 1764 contra
1080 1699 1296 1786 prementem
1310 1691 1447 1764 bostem

277 1824 427 1910 torquet,
444 1825 483 1887 ut
497 1815 639 1889 oculum
654 1815 686 1888 ei
706 1814 857 1888 effodiat.
1158 1890 1160 1894 .

326 1935 490 2033 Inprimis
500 1938 773 2012 animadvertere
789 1939 940 2036 pretium
956 1948 1008 2011 est
1023 1960 1150 2011 nomen
1162 1937 1287 2033 Hiigni,
1299 1936 1395 2033 quod
1411 1936 1447 2009 in

278 2058 355 2133 aliis
370 2082 509 2157 quoque
525 2060 659 2135 sabellis
677 2061 766 2134 inira
782 2060 883 2135 nobis
897 2070 1076 2150 occurret3
1089 2082 1202 2156 neque
1213 2060 1447 2133 omittendum

281 2179 395 2275 Hiigni
411 2182 515 2278 hujus
534 2182 619 2279 (sive
638 2183 851 2280 Huganonis)
870 2195 904 2257 et
920 2182 1103 2257 Waltbarii
1117 2182 1203 2256 adeo
1224 2181 1448 2257 nullamesse

281 2303 495 2394 societatem,
513 2315 552 2379 ut
571 2316 690 2381 contra
706 2308 819 2402 Hiigni
836 2307 927 2379 inter
946 2306 1066 2379 fideles
1086 2305 1198 2378 Attiiae
1215 2305 1308 2379 viros
1324 2328 1448 2379 nume-

281 2437 387 2501 retur.
413 2428 461 2500 De
477 2428 668 2503 Guntbario
683 2453 761 2503 vero
783 2440 816 2503 et
830 2429 974 2502 Francis
994 2429 1087 2501 nulia
1107 2429 1252 2502 mentio.
1270 2429 1370 2515 Quod
1390 2453 1448 2503 su·

282 2561 407 2647 perest‚
421 2550 566 2647 singulis
582 2551 617 2624 in
635 2552 739 2626 rebus
756 2551 869 2625 sabula
885 2553 959 2625 baec
974 2562 1101 2626 nostrae
1118 2575 1189 2625 non
1203 2552 1447 2642 dissimillima,

280 2676 472 2770 praesertim
483 2676 517 2748 in
528 2676 643 2770 vigilia
654 2677 900 2751 iilaWaitharii
912 2687 946 2749 et
956 2675 1184 2772 Hildegundae
1195 2687 1274 2774 post
1283 2699 1447 2773 pugnam.

281 2799 400 2895 Neque
413 2800 591 2874 mentione
606 2800 789 2897 indignum
804 2824 843 2875 0s
861 2800 945 2874 iilud
962 2799 1124 2897 aprinum
1140 2823 1207 2896 quo
1223 2801 1337 2895 Hdgni
1353 2799 1448 2873 laedi·

281 2932 349 3006 tur,
369 2925 469 3020 eique
485 2936 585 3022 poeta
607 2937 726 2999 noster
742 2927 870 3000 latinus
891 2925 1045 2999 alludere
1064 2911 1209 3015 videtur,
1226 2948 1335 3021 quum
1349 2924 1446 2999 Wal-

175 3112 178 3117 .
281 3046 431 3119 tharium
446 3046 566 3143 jocose
582 3048 754 3122 dicentem
774 3048 923 3123 inducit:
945 3075 962 3118 u
979 3107 1038 3123 .....
1051 3050 1198 3122 Carnem
1212 3047 1336 3122 vitabis
1351 3050 1445 3143 apri·

284 3191 396 3241 namn
417 3170 461 3264 (v.
479 3170 602 3264 1435),
616 3171 717 3267 cnjus
731 3171 803 3266 joci
818 3171 896 3268 quis
911 3171 956 3244 sit
971 3193 1094 3244 sensus
1112 3193 1175 3265 per
1192 3193 1228 3242 se
1246 3170 1362 3265 ipsum
1378 3191 1448 3244 nou

283 3293 364 3366 satis
387 3307 540 3391 apparet,
563 3317 676 3392 neque
701 3306 836 3369 certum
866 3309 917 3368 est
943 3319 1027 3368 num
1043 3306 1165 3368 auctor
1184 3294 1258 3390 ipse
1279 3293 1360 3389 quid
1382 3293 1447 3368 sibi

284 3417 385 3490 vellet
403 3418 485 3491 satis
500 3417 708 3490 intellexerit
718 3421 741 3489 ².

332 3540 369 3612 in
393 3541 620 3637 sequentibus
640 3541 811 3638 capitibus
834 3541 1064 3615 Waitharinm
1088 3542 1124 3614 in
1143 3539 1236 3635 regia
1252 3539 1446 3612 Ermenrici

284 3664 445 3738 avunculi
465 3666 654 3755 cernimus,
684 3687 796 3761 neque
819 3664 916 3737 locus
936 3665 980 3737 sit
1006 3664 1049 3735 dc
1072 3663 1223 3759 hisquae
1246 3662 1303 3734 hic
1328 3663 1447 3758 gessit,

284 3810 393 3882 quum
415 3789 456 3861 ad
485 3788 637 3862 fabulam
667 3798 821 3862 nostram
850 3810 1069 3884 nequaquam
1102 3786 1317 3884 pertineant,
1351 3785 1450 3882 pium

320 4067 343 4118 1.
359 4065 395 4119 Gt.
412 4067 476 4118 intra
491 4068 598 4120 tabulam
612 4081 642 4119 ex
657 4069 853 4120 Scurra-tutata
868 4068 1010 4119 exbitritam.
1044 4104 1047 4110 .

317 4170 349 4218 2.-
361 4164 404 4216 Vr.
420 4167 470 4217 cta
486 4179 524 4229 sq.
538 4169 624 4218 narrat
638 4167 737 4229 Haqano
751 4179 834 4229 regem
849 4166 896 4217 sibi
912 4184 923 4211 «ι
941 4168 1020 4216 nocte.
1030 4178 1089 4216 urso
1102 4165 1261 4216 colluctandi·
1273 4165 1354 4216 risum
1363 4165 1451 4231 tuisse,

281 4244 334 4311 qui,
351 4247 481 4307 postquam
498 4245 533 4295 itti
556 4259 613 4296 crus
634 4259 706 4298 omne
721 4247 883 4312 decerpserit,
906 4247 953 4309 ipsi
973 4246 998 4295 in
1014 4246 1131 4296 auxilium
1147 4244 1264 4297 subeunti
1282 4245 1382 4296 oculum
1397 4258 1453 4295 oum

282 4323 397 4374 dentibus
411 4325 504 4374 eruerit
520 4342 541 4377 ι».
557 4326 654 4376 Ursum
668 4340 727 4378 vero
742 4328 805 4378 falso
821 4326 951 4388 irrepsisse
966 4327 991 4376 in
1005 4326 1108 4377 latinum
1118 4338 1204 4388 poema
1214 4325 1355 4387 suspicatur
1364 4323 1454 4374 Mulier

283 4399 449 4468 (Zettseiirtjt
460 4403 515 4466 sur
526 4405 552 4457 d.
569 4406 644 4468 Phil„
663 4420 689 4469 p.
709 4403 769 4472 169)
790 4417 926 4470 praeparo,
944 4419 1020 4468 quum
1040 4407 1146 4466 uterque
1165 4404 1189 4453 in
1208 4403 1349 4464 germanica
1370 4403 1454 4465 lingua

282 4496 331 4533 una
345 4485 371 4533 et
383 4484 467 4534 eadem
481 4484 533 4534 tere
548 4497 608 4535 voce
628 4484 725 4537 dicatur
746 4481 812 4551 (abd.
831 4492 904 4547 pero,
928 4485 985 4536 mbd
1007 4485 1061 4546 ber,
1082 4483 1147 4544 angl.
1168 4483 1234 4533 deor
1253 4499 1282 4526 =
1298 4495 1389 4545 ursus,
1405 4483 1453 4534 abd

281 4559 338 4624 per..
355 4562 411 4612 mbd
422 4562 477 4624 dtr,
493 4563 633 4623 enfridum
646 4587 677 4612 =
692 4561 780 4631 aper).
