3488 5656
675 1130 828 1220 Plus
874 1130 1060 1220 PRIOR

766 1667 911 1742 CAPUT
936 1667 964 1740 l.

569 1889 797 1945 Ponuhrls
839 1891 1165 1947 ARGUMENTUM.

332 2125 443 2200 Porro
462 2134 707 2220 argumentum
725 2123 888 2198 carminis
903 2125 946 2198 de
961 2148 1030 2222 quo
1048 2125 1122 2198 haec
1131 2123 1326 2199 dissertatio
1337 2125 1452 2200 futura

286 2261 349 2339 est,
368 2271 473 2345 quam
488 2245 692 2321 brevissime
707 2269 878 2344 exponere
892 2246 1005 2324 liceat.

333 2371 437 2445 Attila
449 2371 551 2463 duce,
567 2369 686 2444 Hunni
701 2383 811 2445 castra
826 2382 1005 2445 moverant
1022 2372 1243 2464 ePannonia,
1260 2383 1294 2447 et
1308 2372 1453 2446 transito

286 2493 386 2586 lstro,
402 2495 564 2568 Rhenum
578 2516 803 2568 versusarma
820 2495 982 2568 tulerant.
994 2495 1253 2570 Transrhenani
1264 2496 1452 2593 principes,

287 2641 368 2693 cum
390 2640 460 2693 non
489 2618 572 2692 satis
593 2617 723 2692 viribus
748 2617 819 2692 suis
840 2619 1068 2710 confiderent,
1089 2620 1132 2693 ad
1152 2594 1288 2694 hostem
1309 2619 1454 2718 propin·

287 2738 453 2839 quantem
471 2742 603 2837 legatos
617 2740 801 2834 miserunt,
819 2742 891 2840 qui,
911 2742 1071 2817 adductis
1089 2741 1270 2816 obsidibus
1295 2767 1361 2818 nec
1381 2767 1453 2818 non

285 2865 457 2963 promisso
474 2888 593 2956 censu,
605 2886 725 2962 pacem
736 2865 1019 2963 impetraverunt.
1034 2864 1154 2963 ltaque
1165 2889 1221 2939 rex
1231 2865 1453 2963 Burgundio,

284 2987 464 3062 Heriricus
482 2988 664 3086 (regnabat
688 2986 746 3061 ille
765 2987 945 3084 cavilloni)
965 2988 1073 3077 filiam
1092 3010 1191 3062 suam
1208 2987 1453 3083 Hiltgundem3

284 3134 343 3184 rex
360 3110 626 3208 Aquitanorum,
637 3111 798 3209 hlphere,
813 3112 1047 3188 Waltharium
1057 3107 1189 3204 filium;
1204 3110 1350 3203 Gibicbo
1360 3134 1453 3203 veru,

285 3235 502 3308 Francorum
532 3235 708 3332 princeps,
728 3236 788 3332 qui
807 3236 1010 3310 Wormatiae
1029 3236 1182 3327 sedebat,
1212 3260 1320 3332 quum
1345 3235 1455 3333 ipsius

286 3357 379 3432 filius
398 3357 611 3433 Guntharius
631 3357 745 3432 adhuc
764 3357 878 3435 iulans
898 3370 1000 3448 esset,
1021 3382 1168 3455 puerum
1186 3361 1371 3455 quemdam
1394 3381 1456 3432 no-

286 3483 350 3557 bili
368 3494 470 3579 gente
494 3494 625 3574 natum,
646 3485 875 3580 Haganonem
899 3483 1052 3572 nomine,
1078 3482 1217 3560 obsides
1242 3483 1453 3557 obtulerunt.

289 3607 376 3682 Cum
402 3605 456 3680 his
479 3606 591 3681 tribus
612 3607 751 3698 Avares,
777 3618 943 3704 praeterea
967 3607 1167 3705 ingentibus
1195 3607 1287 3703 gazis
1310 3606 1455 3698 onerati,

290 3731 327 3804 in
341 3729 560 3804 Pannoniam
575 3729 763 3804 redierunt.

337 3855 463 3928 Exules
479 3865 596 3928 autem
614 3877 741 3951 pueros
752 3853 856 3928 Attila
871 3853 1039 3948 singulari
1055 3853 1294 3929 benevolentia
1309 3853 1457 3928 circum-

288 3977 384 4051 dedit
401 3988 435 4051 et
449 3976 548 4073 quasi
568 3976 729 4074 proprios
742 3977 889 4050 heredes
908 3976 1050 4050 educari
1072 3977 1199 4068 voluit3
1225 3977 1457 4051 Waltharium

285 4101 579 4196 Haganonemque
601 4099 697 4173 omni
723 4097 905 4197 disciplina
936 4098 1078 4171 militari
1100 4098 1325 4173 instruendos
1355 4123 1456 4173 cura-

285 4222 343 4315 vit,
364 4221 446 4314 imo,
467 4245 547 4296 cum
572 4233 707 4297 ceteros
726 4234 761 4296 et
783 4222 909 4296 robore
933 4232 967 4296 et
986 4221 1102 4296 animo
1126 4234 1346 4320 superarent,
1363 4223 1456 4296 mili-

285 4345 343 4420 tiae
369 4345 534 4443 praelecit.
557 4346 661 4443 Virgo
685 4369 778 4438 vero,
804 4368 882 4443 quae
906 4367 975 4418 non
1001 4345 1105 4418 modo
1128 4345 1259 4443 optima
1284 4344 1401 4418 indole
1423 4356 1458 4418 et

289 4469 466 4568 prestanti
485 4469 608 4561 forma,
632 4469 692 4543 sed
715 4469 820 4543 etiam
841 4469 966 4543 eximia
985 4467 1022 4540 in
1045 4470 1141 4542 omni
1164 4493 1311 4566 operum
1331 4491 1459 4563 genere

291 4592 463 4667 industria
482 4591 673 4683 eminebat,
694 4591 851 4688 reginam
869 4591 936 4666 sibi
955 4591 1165 4683 conciliavit3
1186 4589 1459 4684 deinde-regalis

397 4725 560 4758 sonwmnznu.
1341 4718 1353 4756 t
