3472 5648
740 549 882 619 .-·9
933 591 978 601 -

334 713 402 786 Str.
420 712 527 802 1694,
545 711 646 785 auita
664 714 706 785 de
723 714 802 810 iuga
817 714 999 788 Waltharii
1018 720 1058 787 et'
1076 714 1275 808 Hiitgundis
1294 716 1451 812 loquens,

285 832 369 907 dicit
383 859 390 906 :

342 1057 443 1137 Hagen
457 1059 529 1120 sand
545 1058 592 1120 ioh
607 1059 718 1122 wieder
732 1060 811 1122 heim
826 1080 832 1122 :
850 1060 984 1124 Walther
1000 1061 1052 1122 mit
1066 1061 1247 1142 Hiltegunde
1262 1067 1367 1124 entran

282 1328 402 1426 (cujus
413 1350 533 1401 versus
547 1328 644 1425 prior
662 1349 742 1424 pars
761 1327 955 1424 praesertim
969 1329 1133 1418 notanda,
1149 1328 1209 1403 ubi
1229 1329 1450 1425 Haganonun

284 1451 461 1546 aufugisse
481 1474 500 1524 e
527 1450 720 1539 Pannonia,
744 1450 804 1523 sed
832 1449 1004 1524 ab'Attila
1026 1452 1120 1524 uitro
1145 1451 1311 1527 dimissus
1343 1453 1451 1528 fuisse

285 1574 440 1671 dicitur).

334 1699 403 1774 Str.
430 1697 537 1789 1734,
561 1698 669 1788 1735,
690 1699 962 1773 mactandam
982 1698 1133 1773 duorum
1154 1699 1324 1773 sodalium
1342 1700 1450 1775 virtus

284 1833 319 1897 et
339 1844 506 1920 quaequae,
532 1843 601 1917 quo
624 1830 781 1918 tempore
801 1821 891 1918 apud
913 1820 1056 1894 Attilam
1077 1820 1259 1917 degebant,
1287 1822 1451 1920 praeclare

284 1943 495 2043 gesserant¹.

330 2069 451 2166 Neque
465 2068 665 2143 certaminis
685 2067 777 2142 iliius
798 2068 833 2140 in
853 2070 988 2164 Vosago
1006 2069 1074 2144 acti
1094 2071 1255 2165 ignarum
1278 2081 1331 2144 est
1350 2069 1452 2144 Nibc-

277 2194 411 2288 -lanpcn
427 2215 593 2279 carmen3
615 2213 741 2288 nempe
758 2204 818 2267 str.
844 2193 936 2268 aaut
960 2193 1168 2268 Hildebrant
1188 2195 1369 2292 Haganoni
1390 2218 1447 2267 ex-

284 2318 427 2417 probrat
445 2317 550 2413 quod,
563 2316 647 2389 dum
665 2318 920 2392 commilitones
935 2342 1016 2392 cum
1029 2320 1222 2394 Walthario
1237 2332 1450 2418 pugnarent,

275 2442 360 2540 -ipse
386 2441 529 2537 ignarus
558 2465 575 2510 (ι
596 2440 633 2513 in
656 2451 755 2514 scuto
774 2441 899 2516 sedens
922 2466 941 2511 a
964 2442 1165 2517 certaminis
1185 2465 1256 2516 non
1277 2443 1450 2541 particeps

288 2565 422 2655 inisset,
446 2565 640 2661 quodcum
664 2577 822 2661 poemate
841 2575 960 2648 nostro
979 2566 1122 2640 omnino
1144 2577 1448 2641 consentaneum&

333 2688 424 2761 Dum
434 2687 471 2760 in
484 2686 700 2783 Nttetcnpen
713 2689 958 2762 Waltharianae
969 2688 1093 2763 fabulae
1111 2691 1350 2765 tantummodo
1365 2691 1451 2764 aliu-

286 2809 390 2901 ditur,
406 2809 442 2882 in
460 2808 655 2905 Biterolset
668 2808 820 2883 Dc'etlot'b
835 2832 981 2907 persona
997 2811 1070 2907 ipsa
1086 2811 1200 2885 herois
1221 2811 1410 2886 inducitur.

333 2937 379 3010 Ut
393 2959 469 3009 rem
484 2936 604 3032 paucis
624 2935 738 3010 verbis
755 2935 946 3032 expediam,
962 2947 1147 3033 postquam
1162 2937 1327 3012 Biterolio
1343 2938 1379 3010 in
1399 2961 1452 3011 re-

286 3057 389 3156 gione
404 3057 592 3134 Parisiensi
605 3057 822 3156 (Kerlingen,
838 3058 1048 3155 Carolingia)
1065 3058 1187 3134 obvius
1203 3060 1280 3146 iuit,
1299 3061 1452 3135 Waltha-

287 3183 359 3256 rius
380 3207 460 3256 cum
485 3205 527 3256 eo
556 3181 732 3279 singulare
754 3192 930 3256 certamen
952 3183 1147 3280 suscepisse
1173 3183 1322 3275 dicitur;
1346 3185 1453 3256 inter-

286 3307 391 3381 misso
428 3317 545 3380 autem
574 3305 705 3403 praelio,
741 3328 848 3401 quum
873 3306 910 3378 in
935 3307 1131 3380 adversario
1163 3307 1314 3381 Biteroli
1340 3307 1451 3380 tilium

287 3430 416 3504 sororis
430 3429 626 3526 agnovisset
638 3427 757 3524 (hujus
772 3427 897 3502 fabulae
912 3451 993 3502 cum
1000 3428 1296 3503 Hildebrandiana
1312 3453 1388 3526 quae
1408 3429 1452 3502 sit

287 3553 447 3649 cognatio
470 3553 524 3626 vix
546 3575 633 3650 opus
654 3563 707 3626 est
728 3564 765 3626 ut
787 3552 1007 3650 indicemus),
1028 3563 1188 3628 narratur
1206 3554 1293 3628 duos
1315 3555 1449 3644 heroas,

279 3698 370 3772 pace
385 3675 748 3773 composita,amicum
759 3676 795 3747 in
805 3698 1002 3750 sermonem
1018 3677 1193 3773 ingressos
1204 3677 1366 3768 suisse,in
1381 3700 1451 3774 quo

285 3800 498 3874 Waltharius
512 3798 678 3874 Biterolfo
697 3799 802 3873 refert
821 3800 988 3898 quidquid
1010 3801 1075 3875 sibi
1090 3802 1242 3876 evenerit
1257 3803 1340 3876 dum
1359 3801 1449 3899 apud

285 3923 428 3998 Attilam
451 3936 739 4015 commoraretur,
764 3924 822 4020 qui
848 3937 972 4000 essent·
988 3948 1103 4007 mores
1131 3948 1381 4023 «paganorum
1398 3925 1450 4018 a³,

322 4175 346 4227 l.
363 4175 400 4227 Gt.
420 4177 595 4241 Wolthortua,
613 4191 653 4229 rr,
673 4178 721 4230 113
738 4180 832 4240 etseq.

321 4276 347 4324 t.
456 4272 492 4323 Nu
505 4283 560 4324 wer
573 4287 634 4340 was,
652 4275 698 4325 der
710 4275 775 4326 utem
792 4274 886 4325 sehitde
901 4287 946 4324 ror
958 4274 1013 4324 dem
1029 4274 1214 4336 Wasgensteine
1230 4288 1281 4343 sat,

459 4349 494 4400 Dd
509 4351 541 4400 im
555 4363 603 4401 von
624 4350 713 4415 Spanje
727 4351 837 4403 Walther
851 4353 878 4402 sd
894 4351 927 4402 rii
942 4353 987 4402 der
1001 4354 1070 4414 mage
1086 4353 1177 4404 slttoct

285 4470 321 4553 Gi.
342 4474 516 4539 Walthartua,
533 4490 574 4527 rr.
592 4477 653 4544 ott,
673 4476 733 4529 tio.

322 4574 347 4622 3.
364 4571 413 4623 Der
428 4573 524 4635 heyden
540 4575 595 4625 site.
615 4575 739 4639 Bttcrols,
755 4589 779 4626 r.
799 4578 859 4627 708.
