3488 5656
666 630 905 703 ,35-

200 798 302 872 etiam
327 796 578 894 antiquissimae
600 797 713 872 omnis
732 798 869 891 generis
898 796 1033 886 fabulae,
1057 819 1143 892 quae,
1171 818 1367 892 quanquam

203 916 283 996 cum
303 933 420 995 nostra
443 920 566 994 sabella
594 921 679 993 nibil
704 922 888 1018 conjuncti*
908 920 1055 1006 babent,
1071 918 1309 993 locumiilum
1330 943 1387 993 ex.

200 1044 295 1117 omni
327 1044 494 1117 memoria
524 1044 732 1142 germanicis
767 1044 889 1130 incolis
926 1067 1063 1118 sacrum
1088 1043 1369 1138 celebratumque

201 1167 307 1240 fuisse
322 1178 510 1255 testantur3
526 1167 666 1240 fallebat
681 1177 853 1263 postremo
870 1190 997 1240 nomen
1017 1166 1131 1263 ipsum
1143 1165 1287 1260 Vosagi:
1303 1165 1370 1239 hoc

201 1313 281 1364 vero
298 1290 358 1363 illo
382 1302 538 1387 tempore
557 1313 627 1363 non
647 1300 687 1362 ut
711 1301 828 1363 nostra
851 1300 951 1364 aetate
971 1289 1065 1361 omni
1087 1289 1172 1384 jugo
1198 1288 1370 1361 montium

204 1437 291 1510 quos
321 1442 338 1484 a
363 1415 414 1488 les
447 1415 612 1510 Vosgesa
646 1414 871 1511 appellamus,
900 1414 1127 1504 tribuebatur,
1160 1414 1218 1488 sod
1243 1413 1371 1486 minori

205 1538 304 1635 parti,
323 1537 423 1612 atilli
442 1538 583 1634 quidem
599 1560 676 1633 quae
695 1536 987 1635 propeTabernas
1006 1537 1112 1609 finem
1131 1537 1245 1610 babet.
1264 1537 1370 1633 Cujus

205 1662 256 1735 rei
272 1662 505 1736 certissimum
523 1662 761 1736 testimonium
781 1662 911 1759 praebet
925 1660 1054 1734 Tabula
1070 1661 1368 1756 Peutingeriana1.

254 1786 294 1858 ln
315 1785 380 1858 hac
405 1808 484 1858 vero
501 1796 608 1882 parte,
632 1808 757 1882 nempe
776 1785 813 1857 in
833 1784 997 1858 inferiore
1020 1795 1116 1881 parte
1134 1783 1284 1872 Alsatiae,
1300 1807 1370 1858 non

205 1908 326 2005 procul
346 1907 388 1980 ab
411 1907 535 1980 itinere
553 1907 646 2004 quod
668 1930 685 1980 a
705 1906 969 2003 Wissemburgo
993 1907 1151 1980 Ricinam
1169 1907 1276 1998 ducit,
1292 1931 1371 2005 pro-

206 2031 283 2128 pius
312 2053 398 2128 pago
417 2029 738 2119 Niederstoinbacb,
760 2030 1033 2104 vetustissimum
1058 2032 1232 2127 quoddam
1252 2031 1372 2106 castel·

206 2153 277 2225 lum
295 2152 400 2226 situm
416 2153 530 2236 habes
551 2152 651 2248 cujus
665 2175 791 2226 nomen
804 2177 873 2226 non
885 2153 978 2226 aliud
993 2164 1046 2226 ost
1061 2177 1164 2250 quam
1178 2153 1263 2227 illud
1280 2154 1372 2251 quod

207 2299 276 2350 non
303 2277 411 2350 semel
435 2276 471 2348 in
506 2276 632 2350 sabulis
664 2276 946 2373 carminibusque
975 2277 1167 2351 Waltbario
1195 2277 1369 2374 adjicitur,

207 2402 340 2475 scilicet
361 2427 377 2471 <‹
396 2401 640 2495 Wasgenstein
660 2405 714 2472 o’.

256 2524 307 2598 Ad
332 2526 426 2597 huuc
450 2525 566 2597 locum
592 2546 694 2619 quem
711 2524 845 2620 primus
860 2523 997 2596 Ubland
1016 2547 1046 2596 a.
1065 2524 1161 2598 4857
1181 2523 1322 2616 invenit,
1339 2539 1373 2598 et

208 2647 494 2746 postea-inspexit
513 2660 615 2744 atque
639 2647 898 2722 accuratissime
918 2647 1102 2745 descripsit
1127 2649 1213 2746 Aug.
1229 2647 1371 2738 Becker,

208 2771 274 2869 ipsi
290 2795 413 2868 nuper,
432 2783 471 2844 ut
489 2771 649 2862 diximnS,
665 2771 730 2845 iter
756 2770 911 2845 fecimus.
936 2771 1036 2868 Apud
1052 2784 1189 2869 poetam
1208 2795 1288 2846 vero
1304 2770 1372 2846 loci

208 2893 397 2991 descriptio
415 2894 465 2968 sic
480 2894 627 2968 habetur
641 2919 690 2968 vv.
706 2894 871 2969 493-497
888 2921 895 2967 :

315 3132 387 3195 Sunt
404 3133 434 3193 in
449 3151 570 3194 secessu
587 3131 648 3194 bini
662 3139 837 3214 montesque
853 3134 1021 3215 propinqui,

317 3229 397 3290 Inter
413 3249 487 3309 quos
504 3230 573 3292 licet
587 3239 741 3308 angustum
757 3249 862 3311 specus
878 3240 970 3293 exstat
985 3250 1146 3309 amoenum,

313 3325 377 3389 Non
393 3328 499 3389 tellure
515 3347 582 3390 cava
598 3327 707 3389 factum
722 3328 774 3389 sed
790 3316 901 3390 vertice
917 3347 1037 3408 rupum.

257 3583 302 3656 Et
323 3606 360 3656 re
386 3582 458 3680 ipsa
481 3584 598 3658 fauces
612 3583 669 3658 bic
685 3583 836 3680 reperias
863 3585 1098 3691 angustiores:
1115 3609 1231 3682 rupes,
1252 3587 1373 3684 exiguo

249 3855 272 3904 1.
289 3851 420 3918 Scbbpilin‚
437 3853 521 3904 alsat.
537 3855 648 3915 illustr„
663 3852 683 3920 1,
707 3855 755 3904 149
777 3850 890 3918 (Tubulo
913 3855 1130 3919 Pecttnqere‘unu,
1149 3868 1211 3917 sgm.
1230 3851 1269 3921 n).
1285 3882 1321 3890 —
1336 3856 1371 3908 ct.

211 3931 357 3999 San-Marte,
372 3947 397 3996 p.
415 3932 447 3984 ta
462 3946 512 3999 sq,
529 3936 554 3984 et
567 3932 671 3984 Schedel
686 3947 712 3984 u.
728 3933 828 3999 Holder,
845 3945 870 3994 p.
889 3933 937 3984 158
953 3947 991 3996 sq.
1055 3929 1058 3935 ’

245 4034 270 4082 2.
288 4031 383 4094 Nabal,
401 4033 446 4081 str.
463 4031 542 4083 2403.
556 4029 827 4092 Hobenams-Lassberg
841 4032 895 4081 cod.
915 4048 925 4074 α
947 4029 1129 4083 Waschenstein
1145 4047 1177 4093 ·›;
1198 4032 1373 4095 sangninem.

212 4128 222 4154 a
241 4110 411 4162 Waskenstein
429 4128 439 4155 r
458 4107 526 4175 (item
545 4107 742 4176 Vilttnasoqe);
759 4109 1058 4162 Hobenems-Mtrnchener
1072 4113 1127 4163 cod.
1144 4128 1158 4158 «
1168 4111 1335 4176 Wasgenstein
1350 4133 1373 4169 n.

209 4189 329 4242 Caeterum
348 4189 373 4240 in
391 4189 434 4240 illa
451 4190 549 4251 regione
569 4190 672 4241 alterum
693 4191 822 4241 castellum
846 4190 969 4252 reperitur
991 4208 1002 4234 α
1021 4189 1171 4253 Wesenburg
1187 4207 1197 4235 r
1215 4196 1373 4257 appellatum,

209 4269 279 4332 qu'us
298 4282 387 4320 nomen
406 4282 460 4319 cum
479 4268 577 4320 nomine
597 4268 676 4319 nostri
697 4270 803 4320 fortasse
827 4269 1023 4332 conjunctionem
1045 4272 1174 4334 quamdam
1196 4273 1286 4335 babet;
1310 4277 1375 4338 quod

208 4352 352 4410 argumento
374 4350 441 4400 esset
459 4345 498 4415 (ut
516 4362 590 4411 supra
614 4348 712 4411 quidem
733 4345 860 4414 diximus),
880 4348 965 4410 Vosagi
979 4362 1068 4400 nornen
1086 4350 1143 4400 huic
1161 4350 1270 4403 interiori
1286 4357 1376 4408 tractui

211 4429 329 4480 montium
349 4429 475 4493 proprium
490 4429 577 4479 fuisse.
597 4445 607 4472 ι
626 4426 673 4478 Der
685 4427 759 4478 Name
774 4428 891 4496 vosagus,
910 4429 935 4478 in
948 4430 995 4480 den
1013 4431 1227 4495 Weissenburqcr
1247 4436 1376 4486 traditio-

209 4521 264 4557 ocn
279 4509 392 4575 Wosago,
409 4511 493 4572 spater
507 4507 624 4568 Uosecus,
640 4508 767 4574 Wasagus,
783 4506 894 4574 Wasego,
910 4509 1075 4560 vernandelte
1089 4510 1141 4560 sich
1155 4511 1180 4560 in
1197 4513 1241 4563 das
1258 4515 1377 4565 deutsche

212 4587 333 4655 Wasigen,
350 4587 493 4638 Wassicben
505 4588 556 4638 und
563 4599 619 4637 rom
632 4585 741 4648 Bergzug
750 4588 793 4638 anf
800 4589 848 4638 den
861 4600 954 4650 ganzen
968 4585 1053 4638 Bazirk
1067 4590 1225 4656 nnertragen,
1235 4591 1348 4656 wasnau.
1363 4613 1374 4640 t

212 4665 315 4718 schedel
329 4680 356 4718 u.
372 4666 473 4732 Homer,
489 4681 515 4731 p.
533 4669 575 4718 58.
