3472 5648
707 541 947 616 ..23-

243 709 277 781 in
294 708 402 782 Edeta
421 708 592 783 celebrata
611 708 775 801 facinora,
793 719 934 806 propter
949 708 1212 781 similitudinem
1226 709 1407 783 nominum

241 832 282 903 ad
301 830 443 904 Attilam
458 832 667 904 Hunnorum
685 853 802 925 regem
816 831 979 904 translata
996 830 1113 905 fuisse.
1423 835 1425 839 ’

267 981 271 985 ·
290 955 390 1040 Quod
402 954 542 1049 quidem
554 953 1116 1052 adHaganonisnostripersonam
1126 955 1288 1051 pertinet,
1305 954 1408 1049 digna

240 1089 292 1152 est
308 1078 350 1152 de
366 1101 430 1175 qua
442 1078 538 1176 plura
555 1077 734 1151 addamus.
747 1078 852 1150 Multa
871 1077 964 1151 enim
984 1089 1064 1151 sunt
1080 1077 1115 1149 in
1131 1077 1409 1174 illa,quanquam

236 1204 308 1301 jam
325 1202 532 1275 humaniore
548 1201 672 1292 efficta,
691 1225 778 1298 quae,
800 1203 869 1275 sive
884 1202 1013 1279 sciente
1025 1202 1094 1274 sive
1110 1203 1279 1275 insciente
1295 1213 1407 1298 poeta,

241 1324 405 1416 divinam,
421 1335 490 1411 out,
506 1335 544 1397 ut
561 1325 689 1399 rectius
705 1326 830 1416 dicam,
851 1324 1024 1398 infernam
1050 1325 1220 1419 originem
1241 1324 1406 1420 produnt.

240 1449 279 1523 V.
297 1449 386 1523 tihi
413 1449 584 1544 «Hagano
601 1449 797 1546 spinosus»
822 1459 981 1538 vocatur;
998 1472 1046 1520 vv.
1065 1448 1234 1538 1351-5t,
1250 1448 1407 1522 Waltha-

242 1571 315 1644 rius
330 1570 430 1643 illum
449 1571 503 1644 his
517 1569 631 1644 verbis
647 1572 821 1668 increpat:

346 1806 370 1870 0
386 1806 500 1888 paliure
514 1807 613 1869 virens
629 1807 719 1882 soliis,
735 1813 767 1868 ut
780 1825 912 1888 pungere
928 1807 1033 1887 possis,

345 1904 389 1967 T'u
402 1904 538 1967 saltando
550 1905 654 1985 jocans
668 1911 734 1967 astu
749 1923 796 1965 me
813 1904 916 1965 ludere
930 1904 1075 1984 temptas!

286 2153 426 2240 Quibus
442 2161 557 2226 autern
573 2150 686 2225 verbis
701 2151 778 2247 quis
793 2172 864 2223 non
881 2150 975 2224 videt
992 2173 1064 2225 non
1080 2152 1193 2226 solum
1209 2163 1325 2227 notam
1342 2156 1406 2230 ho-

240 2277 344 2351 minis
359 2276 552 2374 perfidiam,
571 2275 631 2349 sed
646 2274 756 2372 ipsius
771 2275 922 2348 nominis
938 2275 1063 2373 Hagen
1082 2275 1190 2374 (quod
1210 2277 1303 2352 idem
1319 2281 1407 2354 valet

240 2401 333 2498 quod
359 2401 479 2497 apina,
506 2401 687 2487 rhamnus,
710 2397 885 2496 paliurus)
910 2399 1200 2494 significationem
1232 2403 1406 2498 exprimi?

240 2525 352 2621 Atque
367 2524 459 2598 ultro
479 2524 620 2620 quidem
635 2523 783 2596 recurrit
797 2523 834 2596 in
848 2523 1053 2596 memoriam
1068 2524 1332 2619 antiquissimus
1348 2526 1405 2598 ille

240 2648 390 2744 mythos,
414 2647 458 2719 ad
481 2657 638 2719 naturam
659 2669 776 2718 rerum
790 2645 981 2742 pertinens,
999 2645 1035 2718 in
1053 2669 1121 2742 quo
1135 2670 1248 2721 caecus
1272 2649 1404 2722 Hiemis

239 2771 444 2845 deus'deum
458 2769 557 2843 Veris
571 2767 666 2859 visci,
688 2768 740 2841 vel
755 2769 870 2864 potius
885 2769 978 2842 rusci
997 2792 1093 2843 ramo
1107 2771 1318 2844 transfixisse
1337 2772 1404 2844 fer-

242 2905 298 2968 tur
309 2921 318 2985 ;
331 2896 431 2991 cujus
447 2917 517 2968 non
532 2893 673 2967 dubiam
694 2893 881 2986 imaginem
898 2905 1123 2990 repraesentat
1140 2895 1253 2968 sabula
1273 2897 1316 2969 de
1336 2897 1404 2970 Ha·

236 3041 374 3114 ganone
399 3019 632 3114 Siegsriedum
654 3017 894 3091 interficiente.
920 3016 1012 3101 Quin
1035 3018 1103 3092 imo
1128 3042 1208 3092 cum
1232 3020 1308 3116 ipso
1337 3021 1402 3096 deo

234 3141 325 3216 Odin
344 3143 565 3238 cognationis
590 3141 720 3238 aliquid
742 3142 895 3237 Hagano,
912 3153 982 3232 aut,
994 3153 1033 3214 ut
1047 3143 1176 3216 rectius
1195 3143 1320 3234 dicam,
1338 3168 1401 3217 an-

232 3265 362 3362 tiquior
390 3266 448 3340 ille
471 3267 585 3361 Hogni
604 3266 739 3338 videtur
765 3265 904 3355 habere,
925 3289 1032 3361 quum
1056 3289 1127 3339 non
1152 3266 1257 3340 semel
1287 3269 1340 3362 (ut
1365 3269 1401 3340 in

238 3388 513 3487 Vooeaqasapat
528 3390 626 3487 spina
645 3399 808 3479 armatus,
829 3413 895 3486 qua
920 3390 949 3463 si
969 3390 1048 3486 quis
1073 3389 1251 3487 pungitur,
1272 3391 1399 3464 ohdor-

232 3513 360 3603 miscit,
393 3512 483 3586 Odin
511 3523 672 3610 appareat
696 3512 744 3610 (et
760 3512 852 3608 quod
876 3512 1022 3586 fortasse
1044 3536 1115 3586 non
1138 3513 1398 3611 negligendum)

233 3638 368 3728 cocles;
384 3637 459 3734 ipse
474 3638 568 3710 enim
585 3638 739 3731 Hagano,
760 3647 799 3708 ut
813 3636 972 3727 vidimus,
988 3660 1006 3709 a
1023 3637 1213 3711 Walthario
1232 3637 1398 3732 inpugna

232 3761 347 3836 altero·
356 3761 458 3836 oculo
478 3761 667 3858 privatur1.

280 3886 480 3982 Haganonis
503 3898 610 3982 pater,
633 3886 733 3981 cujus
753 3909 880 3960 nomen
904 3911 933 3959 v.
959 3887 1042 3975 629,
1060 3885 1096 3957 in
1111 3886 1304 3958 accusativa
1322 3887 1398 3982 qui-

230 4011 309 4084 dem
325 4011 436 4084 forma
448 4010 597 4083 refertur
613 4010 843 4107 (Hagathien)‚
866 4011 1011 4084 sortasse
1036 4010 1129 4082 idem
1144 4020 1196 4082 est
1216 4010 1275 4104 qui
1299 4009 1397 4083 divus

228 4133 285 4206 ille
304 4132 395 4229 Ages
420 4132 462 4205 de
482 4154 550 4228 quo
568 4132 682 4222 Mone,
697 4133 749 4205 vel
765 4132 865 4205 Acazi
888 4133 946 4205 ille
968 4133 1011 4205 de
1027 4154 1095 4227 quo
1109 4133 1308 4205 Lachmann
1325 4121 1397 4203 amss

267 4403 290 4456 l.
308 4402 343 4455 Cf.
363 4371 544 4466 ιἰΊΙείπαεαφα,Ἰ
559 4415 615 4466 cap,
630 4407 674 4469 87,
693 4401 752 4468 150,
771 4399 830 4468 165,
847 4403 908 4454 348.
923 4400 1073 4469 Lachmann,
1089 4402 1176 4452 Krttr'h
1194 4403 1243 4452 der
1270 4403 1397 4452 Ntbetun·

230 4497 289 4547 pen,
306 4496 331 4546 p.
348 4483 409 4534 345.
426 4483 447 4534 J.
465 4482 565 4548 Grimm,
580 4481 745 4545 Mytholopr'e,
764 4494 789 4544 p.
808 4481 867 4542 1473
882 4484 907 4532 et
924 4481 1071 4545 Ospt'rndie
1086 4483 1191 4532 Herben
1204 4481 1261 4532 und
1274 4483 1395 4546 flacano,

228 4563 247 4612 1.
264 4575 286 4613 c.
