<?xml version="1.0" encoding="UTF-8"?>
<!DOCTYPE html PUBLIC "-//W3C//DTD XHTML 1.0 Transitional//EN"
    "http://www.w3.org/TR/xhtml1/DTD/xhtml1-transitional.dtd">
<html xmlns="http://www.w3.org/1999/xhtml" xml:lang="en" lang="en">
 <head>
  <title>
</title>
<meta http-equiv="Content-Type" content="text/html;charset=utf-8" />
  <meta name='ocr-system' content='tesseract 3.04.00' />
  <meta name='ocr-capabilities' content='ocr_page ocr_carea ocr_par ocr_line ocrx_word'/>
</head>
<body>
  <div class='ocr_page' id='page_1' title='image "./depoematelatino00schwgoog_0126.png"; bbox 0 0 3472 5648; ppageno 0'>
   <div class='ocr_carea' id='block_1_1' title="bbox 669 963 882 1060">
    <p class='ocr_par' dir='ltr' id='par_1_1' title="bbox 669 963 882 1060">
     <span class='ocr_line' id='line_1_1' title="bbox 669 963 882 1060; baseline -0.005 0"><span class='ocrx_word' id='word_1_1' title='bbox 669 963 813 1060; x_wconf 75' lang='lat' dir='ltr'>curor</span> <span class='ocrx_word' id='word_1_2' title='bbox 842 984 882 1059; x_wconf 84' lang='lat' dir='ltr'>u.</span> 
     </span>
    </p>
   </div>
   <div class='ocr_carea' id='block_1_2' title="bbox 162 1164 1286 1384">
    <p class='ocr_par' dir='ltr' id='par_1_2' title="bbox 162 1164 1286 1384">
     <span class='ocr_line' id='line_1_2' title="bbox 162 1164 1286 1255; baseline -0.004 -15"><span class='ocrx_word' id='word_1_3' title='bbox 162 1221 164 1225; x_wconf 94' lang='lat'>-</span> <span class='ocrx_word' id='word_1_4' title='bbox 266 1189 311 1240; x_wconf 83' lang='lat' dir='ltr'>DE</span> <span class='ocrx_word' id='word_1_5' title='bbox 327 1186 461 1240; x_wconf 79' lang='lat' dir='ltr'>ouulun</span> <span class='ocrx_word' id='word_1_6' title='bbox 479 1188 523 1240; x_wconf 84' lang='grc' dir='ltr'>ΕΤ</span> <span class='ocrx_word' id='word_1_7' title='bbox 539 1186 620 1240; x_wconf 86' lang='lat' dir='ltr'>AEVO</span> <span class='ocrx_word' id='word_1_8' title='bbox 638 1185 871 1241; x_wconf 71' lang='lat' dir='ltr'>SINGULORUM</span> <span class='ocrx_word' id='word_1_9' title='bbox 887 1164 1085 1255; x_wconf 61' lang='lat' dir='ltr'>[lullonum</span> <span class='ocrx_word' id='word_1_10' title='bbox 1102 1184 1286 1238; x_wconf 82' lang='lat' dir='ltr'>Anululrls</span> 
     </span>
     <span class='ocr_line' id='line_1_3' title="bbox 527 1328 1089 1384; baseline 0.002 -1"><span class='ocrx_word' id='word_1_11' title='bbox 527 1329 759 1384; x_wconf 81' lang='lat' dir='ltr'>SINGULORUM</span> <span class='ocrx_word' id='word_1_12' title='bbox 774 1328 1024 1383; x_wconf 78' lang='lat' dir='ltr'>nnculorussus.</span> <span class='ocrx_word' id='word_1_13' title='bbox 1085 1357 1089 1366; x_wconf 90' lang='lat'><em>·</em></span> 
     </span>
    </p>
   </div>
   <div class='ocr_carea' id='block_1_3' title="bbox 194 1588 1357 1810">
    <p class='ocr_par' dir='ltr' id='par_1_3' title="bbox 194 1588 1357 1810">
     <span class='ocr_line' id='line_1_4' title="bbox 194 1588 1357 1686; baseline -0.003 -22"><span class='ocrx_word' id='word_1_14' title='bbox 194 1592 243 1664; x_wconf 81' lang='lat' dir='ltr'>lle</span> <span class='ocrx_word' id='word_1_15' title='bbox 270 1591 423 1664; x_wconf 80' lang='lat' dir='ltr'>omnium</span> <span class='ocrx_word' id='word_1_16' title='bbox 446 1591 618 1663; x_wconf 76' lang='lat' dir='ltr'>commoni</span> <span class='ocrx_word' id='word_1_17' title='bbox 640 1591 736 1686; x_wconf 84' lang='lat' dir='ltr'>sonte</span> <span class='ocrx_word' id='word_1_18' title='bbox 758 1588 805 1664; x_wconf 85' lang='lat' dir='ltr'>c&#39;.</span> <span class='ocrx_word' id='word_1_19' title='bbox 840 1588 938 1663; x_wconf 81' lang='lat' dir='ltr'>Unde</span> <span class='ocrx_word' id='word_1_20' title='bbox 960 1589 1118 1662; x_wconf 75' lang='lat' dir='ltr'>nemrim</span> <span class='ocrx_word' id='word_1_21' title='bbox 1139 1588 1357 1685; x_wconf 71' lang='lat' dir='ltr'>stupidorum</span> 
     </span>
     <span class='ocr_line' id='line_1_5' title="bbox 195 1712 1354 1810; baseline -0.003 -23"><span class='ocrx_word' id='word_1_22' title='bbox 195 1767 198 1770; x_wconf 50' lang='lat'><strong>&gt;</strong></span> <span class='ocrx_word' id='word_1_23' title='bbox 244 1714 411 1787; x_wconf 77' lang='lat' dir='ltr'>librorum</span> <span class='ocrx_word' id='word_1_24' title='bbox 426 1713 597 1790; x_wconf 81' lang='lat' dir='ltr'>lectiones.</span> <span class='ocrx_word' id='word_1_25' title='bbox 624 1713 792 1798; x_wconf 76' lang='lat' dir='ltr'><em>Quomodo</em></span> <span class='ocrx_word' id='word_1_26' title='bbox 807 1713 1029 1810; x_wconf 72' lang='lat' dir='ltr'>primigenio</span> <span class='ocrx_word' id='word_1_27' title='bbox 1044 1712 1205 1785; x_wconf 76' lang='lat' dir='ltr'>lectiones</span> <span class='ocrx_word' id='word_1_28' title='bbox 1223 1713 1262 1784; x_wconf 84' lang='lat' dir='ltr'>o&#39;o</span> <span class='ocrx_word' id='word_1_29' title='bbox 1276 1713 1354 1809; x_wconf 77' lang='lat' dir='ltr'>qoi-</span> 
     </span>
    </p>
   </div>
   <div class='ocr_carea' id='block_1_4' title="bbox 244 1839 1306 1935">
    <p class='ocr_par' dir='ltr' id='par_1_4' title="bbox 244 1839 1306 1935">
     <span class='ocr_line' id='line_1_6' title="bbox 244 1839 1306 1935; baseline -0.001 -23"><span class='ocrx_word' id='word_1_30' title='bbox 244 1840 386 1913; x_wconf 80' lang='lat' dir='ltr'>boedom</span> <span class='ocrx_word' id='word_1_31' title='bbox 408 1839 512 1913; x_wconf 78' lang='lat' dir='ltr'>libris</span> <span class='ocrx_word' id='word_1_32' title='bbox 530 1852 649 1913; x_wconf 79' lang='lat' dir='ltr'>contro</span> <span class='ocrx_word' id='word_1_33' title='bbox 665 1851 792 1912; x_wconf 80' lang='lat' dir='ltr'>ceteros</span> <span class='ocrx_word' id='word_1_34' title='bbox 810 1840 981 1915; x_wconf 76' lang='lat' dir='ltr'>stantibus</span> <span class='ocrx_word' id='word_1_35' title='bbox 1004 1851 1146 1912; x_wconf 79' lang='lat' dir='ltr'>semoto</span> <span class='ocrx_word' id='word_1_36' title='bbox 1160 1839 1306 1935; x_wconf 76' lang='lat' dir='ltr'>fecerint.</span> 
     </span>
    </p>
   </div>
   <div class='ocr_carea' id='block_1_5' title="bbox 108 2096 1468 4676">
    <p class='ocr_par' dir='ltr' id='par_1_5' title="bbox 108 2096 1468 2689">
     <span class='ocr_line' id='line_1_7' title="bbox 245 2096 1357 2196; baseline -0.002 -25"><span class='ocrx_word' id='word_1_37' title='bbox 245 2100 328 2186; x_wconf 83' lang='lat' dir='ltr'>Quae</span> <span class='ocrx_word' id='word_1_38' title='bbox 357 2098 567 2172; x_wconf 89' lang='lat' dir='ltr'>antecedunt</span> <span class='ocrx_word' id='word_1_39' title='bbox 595 2098 745 2195; x_wconf 82' lang='lat' dir='ltr'>pagellas</span> <span class='ocrx_word' id='word_1_40' title='bbox 773 2109 812 2171; x_wconf 92' lang='lat' dir='ltr'>ut</span> <span class='ocrx_word' id='word_1_41' title='bbox 839 2098 960 2196; x_wconf 80' lang='lat' dir='ltr'>paucis</span> <span class='ocrx_word' id='word_1_42' title='bbox 986 2096 1100 2172; x_wconf 91' lang='lat' dir='ltr'>verbis</span> <span class='ocrx_word' id='word_1_43' title='bbox 1130 2097 1357 2193; x_wconf 86' lang='lat' dir='ltr'>eomprehen-</span> 
     </span>
     <span class='ocr_line' id='line_1_8' title="bbox 197 2208 1468 2319; baseline 0.001 -26"><span class='ocrx_word' id='word_1_44' title='bbox 197 2221 330 2311; x_wconf 86' lang='lat' dir='ltr'>damus,</span> <span class='ocrx_word' id='word_1_45' title='bbox 352 2222 442 2293; x_wconf 88' lang='lat' dir='ltr'>hano</span> <span class='ocrx_word' id='word_1_46' title='bbox 462 2220 696 2317; x_wconf 80' lang='lat' dir='ltr'>comperimus</span> <span class='ocrx_word' id='word_1_47' title='bbox 717 2244 792 2295; x_wconf 88' lang='lat' dir='ltr'>esse</span> <span class='ocrx_word' id='word_1_48' title='bbox 821 2221 977 2294; x_wconf 90' lang='lat' dir='ltr'>omnium</span> <span class='ocrx_word' id='word_1_49' title='bbox 1001 2221 1060 2317; x_wconf 91' lang='lat' dir='ltr'>qni</span> <span class='ocrx_word' id='word_1_50' title='bbox 1084 2221 1126 2294; x_wconf 89' lang='lat' dir='ltr'>ad</span> <span class='ocrx_word' id='word_1_51' title='bbox 1152 2243 1216 2294; x_wconf 90' lang='lat' dir='ltr'>nos</span> <span class='ocrx_word' id='word_1_52' title='bbox 1239 2243 1358 2319; x_wconf 89' lang='lat' dir='ltr'>perve-</span> <span class='ocrx_word' id='word_1_53' title='bbox 1465 2208 1468 2214; x_wconf 64' lang='grc'><strong>’</strong></span> 
     </span>
     <span class='ocr_line' id='line_1_9' title="bbox 108 2330 1358 2440; baseline 0.001 -24"><span class='ocrx_word' id='word_1_54' title='bbox 108 2330 111 2335; x_wconf 58' lang='grc'><strong>’</strong></span> <span class='ocrx_word' id='word_1_55' title='bbox 198 2355 323 2417; x_wconf 90' lang='lat' dir='ltr'>nerunt</span> <span class='ocrx_word' id='word_1_56' title='bbox 353 2343 522 2418; x_wconf 90' lang='lat' dir='ltr'>librorum</span> <span class='ocrx_word' id='word_1_57' title='bbox 551 2367 773 2418; x_wconf 87' lang='lat' dir='ltr'>communem</span> <span class='ocrx_word' id='word_1_58' title='bbox 803 2344 964 2434; x_wconf 84' lang='lat' dir='ltr'>indolem,</span> <span class='ocrx_word' id='word_1_59' title='bbox 992 2354 1031 2418; x_wconf 91' lang='lat' dir='ltr'>ut</span> <span class='ocrx_word' id='word_1_60' title='bbox 1061 2367 1168 2440; x_wconf 87' lang='lat' dir='ltr'>quum</span> <span class='ocrx_word' id='word_1_61' title='bbox 1197 2343 1358 2440; x_wconf 83' lang='lat' dir='ltr'>plurimis</span> 
     </span>
     <span class='ocr_line' id='line_1_10' title="bbox 197 2467 1357 2564; baseline 0.001 -23"><span class='ocrx_word' id='word_1_62' title='bbox 197 2468 488 2564; x_wconf 85' lang='lat' dir='ltr'>crassissimisque</span> <span class='ocrx_word' id='word_1_63' title='bbox 503 2467 639 2543; x_wconf 88' lang='lat' dir='ltr'>mendis</span> <span class='ocrx_word' id='word_1_64' title='bbox 657 2479 821 2558; x_wconf 87' lang='lat' dir='ltr'>scateant,</span> <span class='ocrx_word' id='word_1_65' title='bbox 838 2480 911 2541; x_wconf 89' lang='lat' dir='ltr'>tum</span> <span class='ocrx_word' id='word_1_66' title='bbox 938 2467 1042 2542; x_wconf 92' lang='lat' dir='ltr'>iidem</span> <span class='ocrx_word' id='word_1_67' title='bbox 1058 2469 1094 2541; x_wconf 95' lang='lat' dir='ltr'>in</span> <span class='ocrx_word' id='word_1_68' title='bbox 1110 2467 1256 2564; x_wconf 91' lang='lat' dir='ltr'>singulis</span> <span class='ocrx_word' id='word_1_69' title='bbox 1272 2468 1357 2542; x_wconf 90' lang='lat' dir='ltr'>locis</span> 
     </span>
     <span class='ocr_line' id='line_1_11' title="bbox 129 2591 905 2689; baseline 0.003 -25"><span class='ocrx_word' id='word_1_70' title='bbox 129 2628 132 2634; x_wconf 74' lang='lat'>,</span> <span class='ocrx_word' id='word_1_71' title='bbox 198 2616 268 2665; x_wconf 93' lang='lat' dir='ltr'>non</span> <span class='ocrx_word' id='word_1_72' title='bbox 283 2591 522 2689; x_wconf 88' lang='lat' dir='ltr'>despiciendas</span> <span class='ocrx_word' id='word_1_73' title='bbox 537 2592 703 2665; x_wconf 87' lang='lat' dir='ltr'>lectiones</span> <span class='ocrx_word' id='word_1_74' title='bbox 721 2592 905 2689; x_wconf 88' lang='lat' dir='ltr'>praebeant.</span> 
     </span>
    </p>

    <p class='ocr_par' dir='ltr' id='par_1_6' title="bbox 197 2715 1358 3186">
     <span class='ocr_line' id='line_1_12' title="bbox 246 2715 1356 2814; baseline 0 -25"><span class='ocrx_word' id='word_1_75' title='bbox 246 2717 360 2802; x_wconf 85' lang='lat' dir='ltr'>Quum</span> <span class='ocrx_word' id='word_1_76' title='bbox 375 2738 456 2789; x_wconf 89' lang='lat' dir='ltr'>vern</span> <span class='ocrx_word' id='word_1_77' title='bbox 473 2726 506 2788; x_wconf 93' lang='lat' dir='ltr'>et</span> <span class='ocrx_word' id='word_1_78' title='bbox 526 2715 666 2811; x_wconf 88' lang='lat' dir='ltr'>pessimi</span> <span class='ocrx_word' id='word_1_79' title='bbox 683 2715 732 2787; x_wconf 92' lang='lat' dir='ltr'>illi</span> <span class='ocrx_word' id='word_1_80' title='bbox 749 2726 783 2788; x_wconf 91' lang='lat' dir='ltr'>et</span> <span class='ocrx_word' id='word_1_81' title='bbox 797 2715 832 2787; x_wconf 93' lang='lat' dir='ltr'>hi</span> <span class='ocrx_word' id='word_1_82' title='bbox 849 2715 1010 2790; x_wconf 89' lang='lat' dir='ltr'>meliores</span> <span class='ocrx_word' id='word_1_83' title='bbox 1025 2717 1092 2790; x_wconf 88' lang='lat' dir='ltr'>loci</span> <span class='ocrx_word' id='word_1_84' title='bbox 1108 2716 1231 2790; x_wconf 92' lang='lat' dir='ltr'>iisdem</span> <span class='ocrx_word' id='word_1_85' title='bbox 1247 2718 1356 2814; x_wconf 92' lang='lat' dir='ltr'>scrip-</span> 
     </span>
     <span class='ocr_line' id='line_1_13' title="bbox 197 2839 1358 2937; baseline 0.001 -25"><span class='ocrx_word' id='word_1_86' title='bbox 197 2840 330 2913; x_wconf 90' lang='lat' dir='ltr'>toribus</span> <span class='ocrx_word' id='word_1_87' title='bbox 354 2839 459 2912; x_wconf 92' lang='lat' dir='ltr'>tribui</span> <span class='ocrx_word' id='word_1_88' title='bbox 490 2862 559 2911; x_wconf 95' lang='lat' dir='ltr'>non</span> <span class='ocrx_word' id='word_1_89' title='bbox 587 2839 729 2934; x_wconf 91' lang='lat' dir='ltr'>possint,</span> <span class='ocrx_word' id='word_1_90' title='bbox 755 2839 977 2913; x_wconf 78' lang='lat' dir='ltr'>manifestum</span> <span class='ocrx_word' id='word_1_91' title='bbox 1002 2852 1053 2913; x_wconf 90' lang='lat' dir='ltr'>est</span> <span class='ocrx_word' id='word_1_92' title='bbox 1077 2841 1206 2914; x_wconf 90' lang='lat' dir='ltr'>nullius</span> <span class='ocrx_word' id='word_1_93' title='bbox 1221 2840 1358 2937; x_wconf 89' lang='lat' dir='ltr'>generis</span> 
     </span>
     <span class='ocr_line' id='line_1_14' title="bbox 198 2965 1358 3064; baseline 0.001 -27"><span class='ocrx_word' id='word_1_94' title='bbox 198 2966 379 3062; x_wconf 89' lang='lat' dir='ltr'>primarios</span> <span class='ocrx_word' id='word_1_95' title='bbox 395 2966 435 3038; x_wconf 88' lang='lat' dir='ltr'>ad</span> <span class='ocrx_word' id='word_1_96' title='bbox 454 2987 517 3038; x_wconf 90' lang='lat' dir='ltr'>nos</span> <span class='ocrx_word' id='word_1_97' title='bbox 531 2965 740 3062; x_wconf 89' lang='lat' dir='ltr'>pervenisse,</span> <span class='ocrx_word' id='word_1_98' title='bbox 760 2966 819 3039; x_wconf 91' lang='lat' dir='ltr'>sed</span> <span class='ocrx_word' id='word_1_99' title='bbox 835 2989 956 3040; x_wconf 91' lang='lat' dir='ltr'>omnes</span> <span class='ocrx_word' id='word_1_100' title='bbox 980 2965 1087 3040; x_wconf 92' lang='lat' dir='ltr'>libros</span> <span class='ocrx_word' id='word_1_101' title='bbox 1103 2977 1239 3041; x_wconf 91' lang='lat' dir='ltr'>nostros</span> <span class='ocrx_word' id='word_1_102' title='bbox 1255 2991 1272 3041; x_wconf 93' lang='lat' dir='ltr'>a</span> <span class='ocrx_word' id='word_1_103' title='bbox 1290 2967 1358 3064; x_wconf 90' lang='lat' dir='ltr'>pri·</span> 
     </span>
     <span class='ocr_line' id='line_1_15' title="bbox 197 3089 845 3186; baseline 0.002 -23"><span class='ocrx_word' id='word_1_104' title='bbox 197 3089 315 3163; x_wconf 88' lang='lat' dir='ltr'>mariis</span> <span class='ocrx_word' id='word_1_105' title='bbox 330 3089 383 3162; x_wconf 86' lang='lat' dir='ltr'>sui</span> <span class='ocrx_word' id='word_1_106' title='bbox 399 3089 536 3185; x_wconf 89' lang='lat' dir='ltr'>generis</span> <span class='ocrx_word' id='word_1_107' title='bbox 552 3090 745 3186; x_wconf 89' lang='lat' dir='ltr'>descriptos</span> <span class='ocrx_word' id='word_1_108' title='bbox 760 3114 845 3164; x_wconf 92' lang='lat' dir='ltr'>esse.</span> 
     </span>
    </p>

    <p class='ocr_par' dir='ltr' id='par_1_7' title="bbox 160 3197 1406 3808">
     <span class='ocr_line' id='line_1_16' title="bbox 232 3197 1359 3310; baseline -0.001 -24"><span class='ocrx_word' id='word_1_109' title='bbox 232 3214 375 3286; x_wconf 80' lang='lat' dir='ltr'>&#39;Harum</span> <span class='ocrx_word' id='word_1_110' title='bbox 407 3212 619 3285; x_wconf 90' lang='lat' dir='ltr'>diversarum</span> <span class='ocrx_word' id='word_1_111' title='bbox 648 3212 837 3285; x_wconf 88' lang='lat' dir='ltr'>lectionum</span> <span class='ocrx_word' id='word_1_112' title='bbox 867 3212 1066 3286; x_wconf 80' lang='lat' dir='ltr'>discrimine</span> <span class='ocrx_word' id='word_1_113' title='bbox 1098 3197 1359 3310; x_wconf 82' lang='lat' dir='ltr'>(mendosorum</span> 
     </span>
     <span class='ocr_line' id='line_1_17' title="bbox 198 3335 1406 3434; baseline 0 -25"><span class='ocrx_word' id='word_1_114' title='bbox 198 3361 321 3434; x_wconf 92' lang='lat' dir='ltr'>nempe</span> <span class='ocrx_word' id='word_1_115' title='bbox 336 3349 370 3410; x_wconf 88' lang='lat' dir='ltr'>et</span> <span class='ocrx_word' id='word_1_116' title='bbox 384 3335 582 3430; x_wconf 85' lang='lat' dir='ltr'>meliorum)</span> <span class='ocrx_word' id='word_1_117' title='bbox 607 3359 713 3430; x_wconf 87' lang='lat' dir='ltr'>quum</span> <span class='ocrx_word' id='word_1_118' title='bbox 737 3359 806 3408; x_wconf 89' lang='lat' dir='ltr'>non</span> <span class='ocrx_word' id='word_1_119' title='bbox 832 3337 940 3432; x_wconf 89' lang='lat' dir='ltr'>possit</span> <span class='ocrx_word' id='word_1_120' title='bbox 963 3337 1036 3410; x_wconf 83' lang='lat' dir='ltr'>sieri</span> <span class='ocrx_word' id='word_1_121' title='bbox 1059 3337 1143 3433; x_wconf 84' lang='lat' dir='ltr'>quin</span> <span class='ocrx_word' id='word_1_122' title='bbox 1167 3336 1259 3410; x_wconf 91' lang='lat' dir='ltr'>oonli</span> <span class='ocrx_word' id='word_1_123' title='bbox 1285 3360 1359 3409; x_wconf 89' lang='lat' dir='ltr'>mo·</span> <span class='ocrx_word' id='word_1_124' title='bbox 1401 3406 1406 3418; x_wconf 85' lang='grc'><em>,</em></span> 
     </span>
     <span class='ocr_line' id='line_1_18' title="bbox 196 3460 1358 3558; baseline 0.002 -26"><span class='ocrx_word' id='word_1_125' title='bbox 196 3473 349 3551; x_wconf 83' lang='lat' dir='ltr'>veantur,</span> <span class='ocrx_word' id='word_1_126' title='bbox 365 3462 469 3549; x_wconf 86' lang='lat' dir='ltr'>timeo</span> <span class='ocrx_word' id='word_1_127' title='bbox 497 3483 540 3533; x_wconf 91' lang='lat' dir='ltr'>ne</span> <span class='ocrx_word' id='word_1_128' title='bbox 568 3460 732 3533; x_wconf 89' lang='lat' dir='ltr'>temerius</span> <span class='ocrx_word' id='word_1_129' title='bbox 760 3460 868 3556; x_wconf 88' lang='lat' dir='ltr'>egerit</span> <span class='ocrx_word' id='word_1_130' title='bbox 888 3461 1027 3550; x_wconf 89' lang='lat' dir='ltr'>Holder‚</span> <span class='ocrx_word' id='word_1_131' title='bbox 1045 3463 1115 3558; x_wconf 87' lang='lat' dir='ltr'>qni,</span> <span class='ocrx_word' id='word_1_132' title='bbox 1134 3484 1358 3558; x_wconf 85' lang='lat' dir='ltr'>quascunque</span> 
     </span>
     <span class='ocr_line' id='line_1_19' title="bbox 197 3583 1356 3680; baseline -0.001 -22"><span class='ocrx_word' id='word_1_133' title='bbox 197 3586 299 3658; x_wconf 90' lang='lat' dir='ltr'>habet</span> <span class='ocrx_word' id='word_1_134' title='bbox 314 3585 403 3658; x_wconf 89' lang='lat' dir='ltr'>liber</span> <span class='ocrx_word' id='word_1_135' title='bbox 422 3586 449 3657; x_wconf 89' lang='lat' dir='ltr'>D</span> <span class='ocrx_word' id='word_1_136' title='bbox 475 3583 707 3674; x_wconf 86' lang='lat' dir='ltr'>recensiones,</span> <span class='ocrx_word' id='word_1_137' title='bbox 734 3585 824 3657; x_wconf 94' lang='lat' dir='ltr'>inter</span> <span class='ocrx_word' id='word_1_138' title='bbox 839 3608 924 3680; x_wconf 88' lang='lat' dir='ltr'>quas</span> <span class='ocrx_word' id='word_1_139' title='bbox 947 3584 1195 3658; x_wconf 87' lang='lat' dir='ltr'>absurdissima</span> <span class='ocrx_word' id='word_1_140' title='bbox 1219 3584 1356 3674; x_wconf 88' lang='lat' dir='ltr'>menda,</span> 
     </span>
     <span class='ocr_line' id='line_1_20' title="bbox 160 3710 1356 3808; baseline 0 -26"><span class='ocrx_word' id='word_1_141' title='bbox 160 3801 163 3807; x_wconf 19' lang='grc' dir='ltr'>Ι</span> <span class='ocrx_word' id='word_1_142' title='bbox 197 3711 300 3784; x_wconf 91' lang='lat' dir='ltr'>unius</span> <span class='ocrx_word' id='word_1_143' title='bbox 319 3722 351 3783; x_wconf 94' lang='lat' dir='ltr'>et</span> <span class='ocrx_word' id='word_1_144' title='bbox 367 3710 521 3807; x_wconf 86' lang='lat' dir='ltr'>ejusdem</span> <span class='ocrx_word' id='word_1_145' title='bbox 539 3711 656 3784; x_wconf 89' lang='lat' dir='ltr'>nescio</span> <span class='ocrx_word' id='word_1_146' title='bbox 668 3711 768 3808; x_wconf 87' lang='lat' dir='ltr'>cujus</span> <span class='ocrx_word' id='word_1_147' title='bbox 788 3710 1020 3786; x_wconf 87' lang='lat' dir='ltr'>emendatoris</span> <span class='ocrx_word' id='word_1_148' title='bbox 1036 3711 1211 3808; x_wconf 79' lang='lat' dir='ltr'>sagacitati</span> <span class='ocrx_word' id='word_1_149' title='bbox 1223 3711 1356 3785; x_wconf 90' lang='lat' dir='ltr'>tribuit.</span> 
     </span>
    </p>

    <p class='ocr_par' dir='ltr' id='par_1_8' title="bbox 197 3835 1360 4178">
     <span class='ocr_line' id='line_1_21' title="bbox 245 3835 1356 3934; baseline -0.001 -26"><span class='ocrx_word' id='word_1_150' title='bbox 245 3836 426 3909; x_wconf 88' lang='lat' dir='ltr'>Meliorum</span> <span class='ocrx_word' id='word_1_151' title='bbox 450 3859 529 3909; x_wconf 87' lang='lat' dir='ltr'>voro</span> <span class='ocrx_word' id='word_1_152' title='bbox 554 3835 742 3911; x_wconf 89' lang='lat' dir='ltr'>lectionum</span> <span class='ocrx_word' id='word_1_153' title='bbox 764 3836 833 3909; x_wconf 92' lang='lat' dir='ltr'>duo</span> <span class='ocrx_word' id='word_1_154' title='bbox 858 3858 983 3930; x_wconf 89' lang='lat' dir='ltr'>genera</span> <span class='ocrx_word' id='word_1_155' title='bbox 1009 3859 1084 3910; x_wconf 90' lang='lat' dir='ltr'>esse</span> <span class='ocrx_word' id='word_1_156' title='bbox 1106 3837 1356 3934; x_wconf 87' lang='lat' dir='ltr'>comperimus:</span> 
     </span>
     <span class='ocr_line' id='line_1_22' title="bbox 197 3957 1360 4054; baseline 0 -24"><span class='ocrx_word' id='word_1_157' title='bbox 197 3959 343 4032; x_wconf 86' lang='lat' dir='ltr'>alterum</span> <span class='ocrx_word' id='word_1_158' title='bbox 360 3981 478 4030; x_wconf 92' lang='lat' dir='ltr'>earum</span> <span class='ocrx_word' id='word_1_159' title='bbox 495 3981 571 4053; x_wconf 81' lang='lat' dir='ltr'>qnae</span> <span class='ocrx_word' id='word_1_160' title='bbox 586 3957 760 4054; x_wconf 74' lang='lat' dir='ltr'>archetypi</span> <span class='ocrx_word' id='word_1_161' title='bbox 776 3958 878 4031; x_wconf 89' lang='lat' dir='ltr'>verba</span> <span class='ocrx_word' id='word_1_162' title='bbox 889 3959 1055 4045; x_wconf 81' lang='lat' dir='ltr'>referunt,</span> <span class='ocrx_word' id='word_1_163' title='bbox 1067 3959 1212 4034; x_wconf 90' lang='lat' dir='ltr'>alterum</span> <span class='ocrx_word' id='word_1_164' title='bbox 1226 3981 1360 4032; x_wconf 89' lang='lat' dir='ltr'>correo-</span> 
     </span>
     <span class='ocr_line' id='line_1_23' title="bbox 198 4081 1057 4178; baseline 0.001 -23"><span class='ocrx_word' id='word_1_165' title='bbox 198 4083 344 4172; x_wconf 90' lang='lat' dir='ltr'>tionum,</span> <span class='ocrx_word' id='word_1_166' title='bbox 362 4081 679 4178; x_wconf 80' lang='lat' dir='ltr'>interpolationem,</span> <span class='ocrx_word' id='word_1_167' title='bbox 697 4082 1057 4178; x_wconf 76' lang='lat' dir='ltr'>conjecturarumque.</span> 
     </span>
    </p>

    <p class='ocr_par' dir='ltr' id='par_1_9' title="bbox 197 4206 1359 4676">
     <span class='ocr_line' id='line_1_24' title="bbox 247 4206 1359 4304; baseline 0.002 -24"><span class='ocrx_word' id='word_1_168' title='bbox 247 4209 336 4303; x_wconf 82' lang='lat' dir='ltr'>Ergo</span> <span class='ocrx_word' id='word_1_169' title='bbox 359 4229 429 4280; x_wconf 94' lang='lat' dir='ltr'>non</span> <span class='ocrx_word' id='word_1_170' title='bbox 451 4206 562 4279; x_wconf 92' lang='lat' dir='ltr'>solum</span> <span class='ocrx_word' id='word_1_171' title='bbox 585 4207 651 4279; x_wconf 92' lang='lat' dir='ltr'>hoc</span> <span class='ocrx_word' id='word_1_172' title='bbox 675 4207 775 4280; x_wconf 91' lang='lat' dir='ltr'>nobis</span> <span class='ocrx_word' id='word_1_173' title='bbox 795 4207 868 4302; x_wconf 86' lang='lat' dir='ltr'>jam</span> <span class='ocrx_word' id='word_1_174' title='bbox 885 4208 1161 4297; x_wconf 89' lang='lat' dir='ltr'>monstrandum,</span> <span class='ocrx_word' id='word_1_175' title='bbox 1182 4210 1359 4304; x_wconf 74' lang='lat' dir='ltr'>‚quomodo</span> 
     </span>
     <span class='ocr_line' id='line_1_25' title="bbox 197 4329 1359 4430; baseline 0.001 -27"><span class='ocrx_word' id='word_1_176' title='bbox 197 4331 272 4404; x_wconf 90' lang='lat' dir='ltr'>lieri</span> <span class='ocrx_word' id='word_1_177' title='bbox 296 4329 447 4427; x_wconf 90' lang='lat' dir='ltr'>potuerit</span> <span class='ocrx_word' id='word_1_178' title='bbox 471 4341 509 4402; x_wconf 91' lang='lat' dir='ltr'>ut</span> <span class='ocrx_word' id='word_1_179' title='bbox 537 4353 628 4403; x_wconf 92' lang='lat' dir='ltr'>unus</span> <span class='ocrx_word' id='word_1_180' title='bbox 651 4329 740 4403; x_wconf 92' lang='lat' dir='ltr'>liber</span> <span class='ocrx_word' id='word_1_181' title='bbox 761 4343 880 4404; x_wconf 88' lang='lat' dir='ltr'>contra</span> <span class='ocrx_word' id='word_1_182' title='bbox 903 4342 1036 4405; x_wconf 89' lang='lat' dir='ltr'>ceteros</span> <span class='ocrx_word' id='word_1_183' title='bbox 1059 4332 1234 4430; x_wconf 81' lang='lat' dir='ltr'>archetypi</span> <span class='ocrx_word' id='word_1_184' title='bbox 1257 4332 1359 4406; x_wconf 87' lang='lat' dir='ltr'>verba</span> 
     </span>
     <span class='ocr_line' id='line_1_26' title="bbox 198 4455 1358 4546; baseline 0 -16"><span class='ocrx_word' id='word_1_185' title='bbox 198 4456 391 4546; x_wconf 87' lang='lat' dir='ltr'>servaverit,</span> <span class='ocrx_word' id='word_1_186' title='bbox 403 4457 461 4530; x_wconf 88' lang='lat' dir='ltr'>sed</span> <span class='ocrx_word' id='word_1_187' title='bbox 479 4456 581 4528; x_wconf 86' lang='lat' dir='ltr'>etiarn</span> <span class='ocrx_word' id='word_1_188' title='bbox 595 4455 742 4528; x_wconf 90' lang='lat' dir='ltr'>alterurn</span> <span class='ocrx_word' id='word_1_189' title='bbox 757 4456 855 4544; x_wconf 87' lang='lat' dir='ltr'>illud,</span> <span class='ocrx_word' id='word_1_190' title='bbox 865 4455 1123 4529; x_wconf 89' lang='lat' dir='ltr'>emendationes</span> <span class='ocrx_word' id='word_1_191' title='bbox 1138 4456 1231 4528; x_wconf 89' lang='lat' dir='ltr'>unde</span> <span class='ocrx_word' id='word_1_192' title='bbox 1248 4459 1358 4530; x_wconf 87' lang='lat' dir='ltr'>lluxe-</span> 
     </span>
     <span class='ocr_line' id='line_1_27' title="bbox 198 4579 1229 4676; baseline -0.001 -24"><span class='ocrx_word' id='word_1_193' title='bbox 198 4581 268 4653; x_wconf 93' lang='lat' dir='ltr'>rint</span> <span class='ocrx_word' id='word_1_194' title='bbox 282 4604 358 4676; x_wconf 81' lang='lat' dir='ltr'>quae</span> <span class='ocrx_word' id='word_1_195' title='bbox 374 4580 591 4676; x_wconf 89' lang='lat' dir='ltr'>singulorum</span> <span class='ocrx_word' id='word_1_196' title='bbox 606 4579 800 4653; x_wconf 86' lang='lat' dir='ltr'>scribarum</span> <span class='ocrx_word' id='word_1_197' title='bbox 816 4579 993 4673; x_wconf 82' lang='lat' dir='ltr'>ingenium</span> <span class='ocrx_word' id='word_1_198' title='bbox 1010 4592 1184 4676; x_wconf 86' lang='lat' dir='ltr'>superant.</span> <span class='ocrx_word' id='word_1_199' title='bbox 1226 4598 1229 4604; x_wconf 88' lang='grc'><strong><em>·</em></strong></span> 
     </span>
    </p>
   </div>
   <div class='ocr_carea' id='block_1_6' title="bbox 0 0 1742 5648">
    <p class='ocr_par' dir='ltr' id='par_1_10' title="bbox 0 0 1742 5648">
     <span class='ocr_line' id='line_1_28' title="bbox 0 0 1742 5648; baseline 0 0"><span class='ocrx_word' id='word_1_200' title='bbox 0 0 1742 5648; x_wconf 95' lang='lat' dir='ltr'> </span> 
     </span>
    </p>
   </div>
  </div>
 </body>
</html>
