3472 5648
757 585 973 657 ..4-

281 753 355 826 rius
378 775 488 825 unum
518 734 556 826 ex
575 751 657 826 viris
680 751 776 825 misit
800 753 857 848 qui
883 774 901 823 a
922 749 1114 824 Walthario
1145 770 1215 820 non
1241 746 1354 820 solum
1378 745 1450 819 duo

281 875 411 950 scrinia
426 875 486 949 sed
502 877 607 949 etiam
622 899 751 973 equum
770 887 804 950 et
824 875 935 973 ipsam
948 873 1100 971 puellam
1118 872 1279 968 exigeret.
1297 870 1451 967 Nequic-

279 1021 386 1094 quam
397 998 536 1095 juvenis
552 1009 686 1094 partem
702 999 867 1089 thesauri,
884 998 997 1096 primo
1013 1007 1154 1072 centum
1173 995 1300 1070 deinde
1319 994 1452 1068 ducen-

279 1131 331 1195 tas
347 1122 499 1196 armillas
516 1122 698 1218 promittit.
720 1122 875 1196 «Omnia
895 1120 1006 1213 dabis,
1027 1131 1086 1194 aut
1100 1119 1262 1192 morieris
1275 1119 1307 1190 l»
1326 1118 1454 1191 clamat

280 1241 422 1318 Gamala
442 1243 551 1340 (quod
566 1255 640 1317 erat
654 1266 782 1319 nomen
802 1245 878 1342 riri)
905 1256 938 1318 et
953 1243 1057 1318 simul
1077 1245 1210 1317 hastam
1236 1241 1395 1339 crispans
1413 1240 1452 1314 in

279 1366 422 1440 heroem
438 1365 591 1462 conjicit.

327 1489 456 1587 lncipit
470 1500 554 1564 tunc
572 1514 690 1588 pugna
707 1491 887 1581 acerrima,
905 1491 1052 1588 singulis
1071 1488 1255 1565 Guntlrarii
1271 1487 1451 1563 sodalibus

278 1614 415 1687 hostem
439 1613 723 1712 aggredientibus
734 1641 743 1705 ;
771 1624 891 1686 contra
909 1614 1066 1710 singulos
1086 1624 1201 1688 autem
1218 1611 1277 1686 ille
1298 1621 1365 1686 stat
1383 1611 1451 1684 im-

277 1749 405 1825 motus,
427 1763 522 1813 nunc
537 1750 637 1812 caute
652 1739 742 1814 ictus
758 1739 900 1831 evitans,
923 1762 1018 1812 nunc
1038 1739 1137 1812 firma
1162 1761 1269 1811 manu
1294 1735 1449 1810 lundens

278 1863 439 1955 vulnera;
466 1862 647 1937 debellatis
671 1874 787 1937 autem
808 1863 954 1959 singulis
979 1863 1109 1937 collum
1128 1873 1231 1936 secat.
1258 1861 1352 1947 Quin
1376 1859 1450 1934 imo

278 2011 391 2084 neque
406 1988 565 2083 pluribus
584 1989 687 2062 heros
714 1988 825 2085 impar
853 1999 917 2079 est,
945 2011 1025 2061 cum
1045 1988 1269 2084 desperantes
1291 1985 1341 2058 illi
1373 2007 1452 2058 sese

277 2111 405 2183 viritim
430 2135 510 2184 eum
535 2134 611 2186 esse
635 2122 870 2207 superaturos,
899 2111 1080 2207 gregatim,
1103 2121 1136 2184 et
1160 2108 1302 2206 quidem
1326 2107 1451 2203 ignavo

278 2243 522 2328 stratagemate
542 2234 720 2307 invadunt.
739 2234 857 2331 Clipen
873 2230 1028 2324 orbatus
1044 2234 1118 2307 sola
1133 2234 1261 2307 framea
1278 2242 1317 2305 et·
1331 2231 1449 2303 tunica

279 2355 447 2445 confisus,
476 2357 587 2429 leonis
610 2356 731 2445 instar,
761 2355 844 2429 hinc
871 2355 967 2428 illinc
996 2355 1210 2429 Waltharius
1237 2355 1325 2428 ictus
1348 2353 1453 2426 iterat

277 2477 464 2575 hostesque
479 2480 679 2576 prosternit.

328 2602 508 2674 Postremo
525 2602 649 2676 ceteris
667 2603 749 2676 viris
764 2603 900 2692 occisis,
912 2626 1003 2676 unus
1019 2612 1194 2699 superstes
1205 2626 1243 2675 ex
1260 2613 1374 2698 strage
1391 2626 1450 2676 rex

281 2723 494 2798 Guntharius
511 2747 640 2821 equum
656 2724 792 2798 scandit
806 2735 840 2798 et
859 2725 902 2798 ad
919 2727 1143 2820 Haganonem
1160 2726 1262 2816 volat,
1279 2725 1351 2822 qui,
1367 2749 1452 2800 con-

280 2845 472 2918 tumeliosis
494 2845 702 2941 quibusdam
726 2847 840 2920 verbis
868 2847 959 2942 regis
978 2847 1143 2937 ollensuS,
1169 2847 1451 2944 necquidquam

280 2966 421 3039 inimice
436 2965 472 3038 in
490 2967 733 3059 Waltharium,
741 2969 895 3042 sodalem
912 2992 1027 3060 suum,
1043 2970 1283 3067 agerevolenS,
1294 2982 1449 3068 antepu-

280 3111 384 3184 gnam
399 3089 434 3160 in
449 3089 686 3185 propinquum
705 3092 829 3164 collem
842 3093 1060 3179 discesserat,
1079 3093 1172 3166 unde
1188 3096 1326 3168 eminus
1344 3119 1451 3171 omne

281 3223 454 3286 certamen
483 3225 719 3309 conspexerat.
747 3215 884 3290 Diutius
909 3216 1008 3289 illum
1032 3216 1176 3290 incessis
1203 3218 1366 3313 precibus
1388 3242 1449 3292 rex

280 3334 421 3428 flagitat,
439 3334 641 3409 obsecratus
657 3347 696 3408 ut
710 3360 829 3410 secum
849 3362 971 3413 rursus
994 3350 1168 3413 certamen
1184 3339 1349 3425 adversus
1364 3343 1448 3416 hos·

279 3467 351 3529 tem
368 3456 479 3545 ineat3
497 3457 608 3530 donec
626 3457 796 3533 dedecore
811 3461 1026 3535 Francorum
1043 3474 1077 3536 et
1094 3463 1215 3536 dolore
1233 3462 1449 3540 obumortem

280 3579 416 3674 nepotis
435 3579 543 3653 rictus
570 3580 658 3674 (erat
678 3581 771 3654 enim
790 3583 847 3657 ille
872 3584 963 3657 inter
987 3585 1155 3659 sodalesa
1173 3585 1365 3661 Walthario
1390 3587 1448 3662 de-

279 3700 423 3774 bellatos
438 3714 471 3775 et
486 3703 636 3798 occisos)
651 3702 792 3777 domino
813 3729 914 3803 opem
930 3706 1127 3803 pollicetur,
1143 3709 1311 3804 quamvis,
1331 3720 1371 3782 ut
1386 3711 1447 3801 ait,

280 3833 425 3919 uterque
440 3824 475 3896 in
492 3846 563 3898 non
579 3824 725 3896 dubium
743 3826 936 3922 periculum
956 3840 1067 3901 ruant.

326 3945 371 4019 tt
394 3969 475 4020 oum
497 3947 665 4042 angustiae
685 3948 753 4021 loci
782 3935 1153 4047 maximo'adjumento
1187 3953 1279 4027 hosti
1318 3968 1448 4050 essent,

278 4069 435 4168 praecipit
446 4073 588 4165 Hagano
599 4071 672 4165 regi
686 4083 725 4144 ut
742 4072 858 4144 locum
869 4073 1041 4164 deserant,
1053 4076 1284 4150 Waltharium
1302 4102 1445 4178 nempe,

277 4193 372 4288 ipsos
398 4192 523 4265 abiisse
554 4205 679 4282 ratum,
708 4193 791 4266 tutis
815 4195 935 4269 castris
960 4209 1082 4294 sponte
1107 4221 1330 4293 egressurum
1358 4225 1447 4278 esse.

260 4319 369 4415 Ergo
384 4316 562 4415 recedunt,
583 4325 617 4385 ct
631 4316 713 4386 dum
731 4316 810 4410 equi
834 4318 957 4390 herbas
979 4319 1226 4415 depascuntur,
1254 4323 1372 4398 locum
1388 4327 1445 4400 in·
1514 4307 1517 4310 Α

278 4439 374 4514 sidiis
393 4437 558 4510 idoneum
577 4437 872 4534 circumspiciunt.

326 4563 462 4637 lnterea
495 4581 561 4632 nox
588 4571 735 4632 venerat.
765 4561 987 4653 Waltharius,
1019 4576 1115 4641 tanto
1145 4569 1262 4644 labore
1295 4574 1442 4666 fractus
