3472 5648
748 573 986 645 ,og-

329 738 370 809 V.
388 738 460 812 983
478 739 663 813 Guntharii
683 741 817 814 sodales
836 741 986 814 tridente
1004 750 1161 829 utuntur,
1178 738 1281 811 idest
1298 760 1447 834 angono,

281 861 375 958 quod
390 884 499 957 genus
509 886 688 936 armorum
698 864 859 959 ⁴igathias
875 863 1052 952 describit,
1066 862 1229 935 Sidonius
1244 883 1327 934 vero
1345 861 1450 957 Apol-

281 985 400 1060 linaris
430 989 567 1061 lanceas
599 998 744 1060 uocatas
767 998 874 1061 vocat.
897 988 936 1060 V.
963 987 1070 1076 1399,
1095 985 1137 1058 de
1163 1010 1181 1056 c
1204 984 1448 1080 semispatha»

280 1133 395 1184 sermo
415 1122 496 1184 esto
512 1133 578 1206 qua
596 1112 754 1185 dextrum
772 1111 861 1184 latus
875 1109 1088 1185 Waltharius
1103 1108 1257 1183 cinxerat
1270 1135 1301 1199 u,
1312 1130 1380 1204 quo
1393 1130 1451 1180 uo-

280 1233 376 1306 mine
395 1233 529 1328 gladius
544 1233 670 1330 aliquis
688 1235 803 1307 minor
820 1233 1099 1329 designatarum.
1116 1233 1175 1306 Vv.
1188 1231 1259 1307 333
1271 1255 1322 1327 sq.
1340 1241 1451 1304 totum

280 1361 443 1433 vestitum
458 1360 838 1456 armaqueWaltharii;
856 1360 939 1449 695,
959 1361 1042 1448 771,
1054 1358 1137 1448 815,
1154 1357 1239 1444 999,
1258 1358 1344 1447 919,
1364 1358 1449 1446 979,

282 1483 466 1557 Guntharii
480 1483 651 1556 sodalium
662 1506 796 1556 morem
804 1483 981 1580 pugnandi
992 1481 1141 1583 amplius
1150 1480 1449 1576 descriptahabes.

331 1606 554 1695 Waltharius,
570 1607 796 1702 Haganonem
817 1629 835 1679 a
858 1629 972 1702 pugna
993 1605 1165 1678 deducere
1184 1614 1334 1692 tentans,
1350 1601 1451 1698 polii·

282 1745 381 1804 cetur
405 1753 441 1803 se
463 1756 481 1801 (1
503 1730 608 1803 rutilo
629 1729 820 1804 umbonem
844 1729 984 1802 metallo
1007 1727 1263 1824 completurum
1288 1724 1385 1799 esse*
1403 1751 1448 1815 »3

268 1854 410 1951 -pariter
425 1852 638 1927 Chriemhild
662 1853 704 1925 ad
724 1852 919 1926 incitandos
940 1851 1074 1925 sodales
1097 1851 1140 1923 ad
1159 1873 1311 1947 pugnam
1329 1858 1451 1922 contra

279 1977 557 2073 Burgundiones,
579 1987 675 2050 scuta
696 1977 801 2050 rutilo
825 1997 910 2049 auro
936 1976 1038 2072 plena
1061 1974 1174 2047 afferri
1192 1974 1310 2070 jubet:
1331 2000 1348 2044 ‹<
1367 1973 1451 2046 Hiez

276 2100 351 2194 'golt
364 2101 426 2172 daz
447 2100 521 2172 rdte
541 2100 578 2172 in
601 2098 670 2172 den
693 2098 849 2172 schilden
867 2097 1010 2192 tragen³
1027 2123 1060 2169 1).
1074 2096 1205 2169 Eadem
1220 2095 1314 2169 enim
1335 2121 1354 2167 c
1375 2097 1466 2169 auri

280 2244 374 2322 sacra
391 2223 510 2296 tamea
534 2246 600 2319 qua
615 2221 884 2317 Nibelungensis
898 2219 1060 2294 carminis
1077 2220 1214 2310 heroes,
1233 2241 1300 2314 qua
1314 2218 1389 2315 jam
1404 2219 1453 2290 dii

280 2343 346 2439 ipsi
367 2343 403 2415 in
421 2343 671 2439 antiquissimis
690 2342 898 2437 germanicis
916 2342 1041 2438 mythis
1057 2341 1226 2432 esuriunt,
1243 2351 1453 2436 torquentur

279 2465 404 2539 heroes
423 2467 551 2557 nostri3
578 2466 778 2563 possidendi
796 2466 872 2538 auri
898 2488 1000 2540 causa
1023 2465 1183 2563 praelium
1201 2463 1452 2556 committitnr;

280 2600 315 2661 et
332 2612 439 2685 quum
455 2601 575 2663 auctor
598 2589 839 2662 «avaritiam»
865 2599 899 2662 et
922 2590 1080 2662 «samem
1106 2587 1286 2662 habendi»
1315 2609 1455 2684 perver-

280 2733 359 2782 sum
392 2713 565 2806 quoddam
594 2735 724 2785 numen
755 2711 915 2808 appellat,
943 2733 1014 2784 non
1045 2720 1116 2784 tarn
1144 2708 1332 2806 virgilianae
1358 2708 1454 2781 illius

280 2834 539 2930 imprecationis
564 2858 699 2909 memor
722 2848 784 2927 est,
812 2835 905 2932 quod
933 2836 1009 2930 quis
1036 2833 1166 2924 credat,
1190 2857 1293 2929 quam
1311 2855 1452 2926 germa-

281 2957 368 3030 nicae
391 2957 515 3031 sabulae
540 2960 583 3032 de
607 2959 790 3049 Golduala,
814 2959 889 3031 dira
912 2959 970 3031 illa
984 2959 1058 3046 dea,
1075 2980 1152 3053 quae
1167 2956 1329 3030 homines
1349 2955 1385 3027 in
1401 2954 1455 3027 lu-

280 3104 343 3178 pos
371 3093 493 3171 mutat,
521 3094 555 3155 et
585 3082 842 3179 possessionem
864 3083 1106 3155 thesaurorum
1139 3091 1268 3154 aeterna
1294 3101 1453 3152 exsecra-

282 3207 374 3278 tione
392 3206 647 3303 prosequitur⁴.
1438 3281 1440 3286 .

329 3329 543 3402 Germanicis
581 3351 717 3425 quoque
743 3329 897 3403 moribus
927 3340 1182 3403 consentaneus
1215 3339 1267 3402 est
1299 3329 1453 3401 heroum

281 3473 378 3529 amor
403 3452 439 3525 in
462 3475 555 3525 arma
582 3475 654 3540 sua,
672 3464 705 3524 et
730 3475 806 3547 quae
824 3462 903 3524 ante
921 3475 1072 3548 pugnam
1100 3452 1143 3523 dc
1166 3473 1288 3524 eorum
1312 3450 1453 3524 meritis

280 3573 472 3646 honorifice
487 3573 676 3669 praedicant
686 3573 708 3646 ⁵.
733 3574 807 3646 lmo
825 3596 931 3663 arma,
947 3584 986 3645 ut
997 3574 1070 3670 jarn
1085 3573 1289 3646 Ammianus
1304 3573 1454 3646 Marcei-

281 3695 335 3768 lus
354 3695 470 3782 retent,
504 3719 597 3790 «pro
622 3695 825 3767 numinibus
847 3696 1017 3785 colunta3
1044 3695 1257 3769 Waltharius
1283 3697 1452 3769 «nudum

283 3839 400 3922 ensem
415 3816 569 3889 retinens
583 3818 735 3907 qucum
751 3829 911 3914 precatur
922 3818 945 3890 ⁶.

322 4077 345 4126 1.
362 4073 398 4126 Gt.
413 4074 547 4141 vegetium,
562 4073 592 4142 11,
612 4075 641 4126 15
658 4072 816 4141 (San-Marte,
835 4075 905 4146 157).

319 4167 345 4213 ⁴2.
362 4163 389 4213 V.
410 4163 486 4213 1263.

321 4252 346 4300 3.
363 4252 455 4313 diuet,
472 4254 517 4300 str.
534 4253 612 4317 2188,
630 4254 655 4302 8.
672 4249 707 4301 Gt.
728 4251 830 4303 smeret
849 4258 874 4305 et
887 4255 988 4322 Holder,
1002 4270 1027 4319 p.
1049 4256 1096 4306 115
1112 4256 1455 4325 sq.—Uhlaud,Schristen

284 4342 334 4377 arur
349 4330 439 4379 Gosch.
455 4329 480 4378 d.
495 4330 522 4379 d.
539 4329 670 4392 Saoeuad
688 4331 826 4395 Dichtuaq,
841 4331 861 4398 1,
879 4335 955 4397 1865,
973 4345 998 4394 p.
1013 4335 1116 4384 1311-
1134 4333 1283 4403 San-Marte,
1299 4351 1325 4400 p.
1346 4338 1393 4391 131
1410 4346 1452 4404 sq.

320 4409 346 4457 1.
363 4406 399 4456 Cf.
415 4407 502 4470 Eddo,
519 4409 559 4457 ed.
575 4407 693 4472 Simrock‚
709 4422 734 4471 p.
752 4411 810 4460 157.

188 4472 191 4476 “
277 4497 280 4502 ·
322 4497 346 4544 5.
362 4493 406 4542 vv.
422 4495 547 4543 eoa-ooo.

214 4611 217 4615 .
325 4580 392 4630 (1.1.
412 4578 487 4629 1169.
