3472 5648
741 555 982 628 ...14-

279 743 360 794 men
376 720 458 795 satis
475 721 585 817 liquet
602 745 665 794 cur
680 745 698 794 a
717 747 748 795 v.
764 722 850 812 574,
874 721 909 794 id
931 734 984 796 est
1000 724 1045 796 ab
1064 723 1209 796 ineunte
1223 722 1356 821 praelio,
1371 721 1445 796 bre·

278 843 354 918 vius
377 844 544 941 expositio
569 845 800 943 corripiatur;
829 857 865 919 at
886 846 921 918 in
950 847 1019 920 sine
1045 847 1239 944 praesertim
1268 847 1446 920 notatione

278 967 383 1064 digna
410 979 462 1041 est
485 969 648 1059 narratio,
669 969 730 1042 ubi
750 970 849 1066 plura
871 992 890 1042 a
913 980 1033 1044 nostro
1056 980 1214 1068 poemate
1237 969 1444 1044 abhorrent:

330 1117 348 1162 a
365 1092 431 1179 Qui
444 1092 672 1187 (Guntbarius
689 1116 813 1190 nempe
828 1093 1054 1189 Haganoque)
1074 1094 1133 1167 diu
1158 1093 1379 1189 multumque
1394 1093 1447 1166 in-

277 1214 387 1286 vicem
407 1214 603 1311 pugnantes
618 1236 658 1286 ac
672 1237 743 1310 prae
767 1213 872 1287 nimia
889 1213 1092 1288 lassitudine
1107 1225 1143 1288 et
1157 1213 1212 1287 siti
1231 1214 1445 1303 deficientes

274 1338 345 1434 jam
374 1361 444 1411 non
472 1338 630 1412 valebant
657 1339 811 1411 virorum
839 1338 1070 1411 fortissimum
1099 1359 1276 1434 superare.
1301 1338 1344 1409 Et
1365 1358 1471 1423 ecce,

280 1462 506 1558 respicientes
531 1461 693 1535 viderunt
711 1484 730 1534 a
749 1485 866 1560 sagma
890 1462 1073 1536 Waltharii
1095 1462 1275 1535 vasculum
1298 1459 1370 1533 vini
1389 1460 1448 1533 dess

277 1586 506 1682 pendere...»
694 1589 697 1593 ’

327 1710 392 1784 Hic
410 1733 610 1807 quanquam
630 1710 746 1784 subito
768 1711 854 1785 rima
873 1711 1023 1807 quadam
1046 1709 1127 1782 libri
1150 1708 1303 1780 narratio
1327 1707 1450 1782 dissol-

277 1845 388 1923 vatur,
411 1833 512 1907 facile
531 1835 684 1932 perspici
705 1846 819 1930 potest
834 1833 964 1907 exitum
981 1855 1108 1930 pugnae¹
1127 1832 1245 1906 minus
1261 1842 1450 1905 cruentum

279 1955 386 2029 luisse
414 1978 519 2052 quam
546 1955 583 2027 in
610 1956 765 2029 carmine
793 1967 934 2046 nostro,
969 1955 1197 2052 praeliumque
1230 1953 1286 2051 (ut
1318 1954 1449 2029 dicitur

278 2106 308 2155 v.
337 2080 447 2176 ltut)
472 2107 490 2150 <r
513 2081 651 2154 scurrili
674 2080 864 2155 certamine
886 2080 978 2152 inter
1004 2079 1127 2176 pocula
1156 2079 1176 2148 ι’
1202 2079 1336 2153 sodales
1357 2079 1450 2153 clau-

279 2204 377 2295 sisse,
396 2214 582 2300 antequam
600 2228 636 2278 se
652 2204 801 2278 invicem
811 2203 1106 2277 obtruncaverint.
1118 2204 1200 2278 Haec
1209 2226 1291 2278 vero
1302 2203 1449 2277 mutatio

278 2329 358 2402 finis
374 2350 446 2401 non
474 2326 620 2400 dubium
639 2340 691 2401 est
720 2329 805 2424 quin
831 2328 992 2424 scriptori
1016 2325 1240 2400 novaliciensi
1268 2326 1449 2416 debeatur,

278 2476 387 2551 quum
405 2463 484 2525 ante
506 2453 627 2526 oculos
647 2463 806 2526 nostrum
827 2475 940 2548 neque
955 2451 1048 2524 aliud
1065 2473 1188 2546 poema
1204 2451 1360 2524 haberet.
1372 2451 1449 2524 Lae-

277 2578 366 2651 tiore
380 2575 473 2650 enim
493 2575 583 2648 exitu
600 2575 733 2669 egebat,
746 2599 855 2671 quum
871 2575 907 2647 in
923 2573 1082 2670 sequenti
1097 2573 1187 2647 serie
1212 2595 1331 2646 rerum
1351 2573 1450 2647 Wal-

279 2700 424 2788 tharius,
450 2699 642 2771 monachus
657 2699 780 2787 sactus
808 2698 916 2771 multa
935 2697 1100 2795 praeclare
1115 2708 1223 2792 gerat,
1239 2720 1318 2793 quae
1336 2699 1451 2771 lacere

280 2821 457 2918 nequibat,
473 2821 502 2894 si
520 2842 665 2893 mancus
681 2844 700 2893 a
715 2821 831 2917 priore
846 2822 1037 2894 certamine
1054 2821 1251 2895 exstitisset.

328 2945 393 3019 Hic
417 2967 498 3039 ergo
524 2945 619 3038 (haec
643 2945 736 3017 enim
764 2956 816 3018 est
838 2945 983 3018 materia
1013 2969 1087 3041 cop.
1112 2943 1272 3039 x-thlt,
1302 2944 1390 3015 dum
1413 2943 1449 3015 in

281 3065 442 3142 eoeuobio
458 3065 562 3138 vitam
576 3064 735 3160 degebat,
757 3067 884 3162 saepius
904 3067 1055 3163 antiquae
1073 3066 1208 3140 virtutis
1224 3089 1371 3155 mernor,
1385 3088 1448 3139 ne·

281 3215 348 3289 que
368 3190 474 3265 semel
496 3187 630 3262 olitoria
656 3191 732 3285 pala
757 3190 888 3282 relicta,
907 3191 1007 3289 plura
1032 3191 1185 3265 facinora
1208 3191 1352 3288 peregit,
1379 3189 1450 3264 sive

281 3316 349 3389 vim
365 3313 525 3389 coenobio
545 3312 676 3385 illatam
698 3313 897 3410 depelleret,
916 3317 985 3390 sive
1004 3315 1151 3412 injurias
1166 3325 1325 3410 acceptas
1346 3314 1449 3388 ulcis-

282 3450 430 3515 ceretur.
448 3436 550 3526 Olim,
571 3459 681 3510 cuma
698 3437 879 3511 debellatis
894 3439 1052 3512 hostibus
1067 3448 1310 3528 reverteretur,
1327 3439 1449 3528 fertur,

284 3590 302 3633 t
324 3562 423 3660 quasi
441 3561 519 3634 laeto
535 3559 652 3633 animo
671 3584 711 3633 ex
726 3561 867 3633 victoria
887 3561 1086 3635 columnam
1106 3583 1338 3634 marmoream
1353 3560 1450 3656 juxta

283 3687 371 3759 viam
389 3682 538 3780 positam
552 3705 593 3755 ex
609 3683 759 3778 pugione
778 3693 848 3754 tam
862 3683 1030 3757 violenter
1045 3683 1270 3781 percussisse,
1286 3694 1326 3755 ut
1343 3682 1450 3756 maxi·
1496 3774 1506 3795 .

282 3830 374 3881 mam
394 3816 528 3903 partem
549 3802 717 3900 dejiceret
731 3805 768 3877 in
785 3816 930 3896 terram;
951 3808 1044 3880 unde
1060 3830 1171 3902 usque
1190 3807 1226 3879 in
1240 3805 1451 3881 hodiernum

282 3930 331 4003 ibi
346 3929 474 4003 dicitur
489 3927 594 4019 diem,
610 3929 796 4004 Percussio
812 3931 863 4003 vel
878 3931 994 4004 Ferita
1013 3930 1206 4004 Waltharii.
1229 3957 1245 4000 u

331 4053 371 4127 ln
386 4053 454 4126 hoc
471 4051 663 4126 Walthario
678 4054 849 4128 monacho
869 4080 885 4124 <r
903 4055 1066 4127 athletam
1083 4080 1100 4124 r>
1120 4032 1204 4150 ergo
1223 4054 1377 4151 aliquem
1395 4054 1452 4126 ha·

282 4177 405 4252 bemus
421 4178 500 4274 (hac
515 4175 608 4250 enim
626 4199 709 4251 voce
727 4176 802 4273 ipse
817 4179 965 4275 scriptor
984 4177 1107 4274 utitur)
1128 4178 1346 4252 simillimum
1362 4179 1453 4253 cele·

283 4300 391 4375 bratis
407 4299 475 4372 illis
492 4297 629 4372 duobus
644 4300 836 4391 monachis,
854 4324 1004 4397 quorum
1018 4324 1109 4375 unus
1130 4303 1166 4375 in
1181 4301 1311 4375 nostris
1326 4301 1452 4401 litteris

288 4448 305 4492 c
324 4423 433 4496 lehan
449 4423 509 4496 des
527 4422 738 4495 Entomeurs
759 4448 791 4530 t,
811 4422 847 4494 in
865 4423 1081 4497 Germanicis
1096 4448 1176 4497 vero
1193 4425 1280 4498 alter
1297 4405 1449 4499 ‹rllsauu

283 4557 435 4622 vocatur.
