3472 5648
751 611 795 619 -
847 569 990 641 36·-

289 734 468 808 intervallo
505 735 697 831 disjunctae,
724 736 901 809 immensae
937 736 1128 831 dirutaeque
1164 746 1272 831 porte
1301 735 1449 832 speciem

289 857 475 930 offerunt¹.
498 858 629 955 Specus
650 869 836 949 autemut
862 881 982 931 verum
1004 859 1137 954 loquar,
1163 881 1335 954 nusquam
1354 882 1451 956 appa·

289 991 352 1071 ret,
373 982 440 1055 nisi
459 982 495 1054 in
517 981 755 1079 superioribus
768 1005 926 1056 saxorum
939 983 1096 1080 partibus
1107 1007 1195 1079 quae,
1214 993 1338 1056 natura
1358 1005 1450 1055 exca-

287 1115 383 1195 vatae,
418 1105 575 1202 priorum
600 1105 793 1195 hominum,
824 1090 998 1180 Celtarum
1037 1108 1182 1180 fortasse
1211 1105 1395 1196 industria,
1417 1105 1450 1178 in

290 1227 465 1301 domicilia
498 1240 637 1301 mutatae
670 1240 779 1302 sunt:
813 1230 917 1326 hujus
951 1253 1031 1304 varo
1066 1231 1161 1304 modi
1201 1231 1376 1304 conclavia
1415 1231 1449 1303 in

288 1351 437 1425 castellis
452 1352 488 1424 in
510 1352 644 1450 Vosago
660 1353 734 1426 sitis
757 1353 883 1450 saepius
905 1354 1127 1449 reperiuntur
1141 1353 1341 1451 (Winstein,
1361 1355 1450 1428 Hoh-

287 1476 384 1566 Barr,
401 1475 500 1571 etc.);
522 1500 634 1574 neque
651 1477 856 1551 incredibile
876 1488 928 1551 555
947 1500 1004 1551 555
1025 1478 1218 1575 speluncas,
1242 1491 1281 1552 ut
1302 1479 1350 1553 ait
1370 1503 1449 1554 nos-

287 1615 348 1688 ter,
384 1629 400 1673 (
424 1601 616 1675 latronibus
638 1613 734 1697 aptas
755 1603 955 1676 stationes»
990 1603 1108 1676 fuisse.
1140 1605 1264 1677 Postea
1288 1604 1324 1676 in
1354 1615 1447 1678 utro-

285 1752 353 1824 que
375 1752 455 1802 saxo
477 1729 615 1803 castella
643 1739 814 1802 exstructa
842 1728 994 1820 suerunt,
1021 1750 1171 1825 quorum
1195 1729 1312 1803 ruinas
1345 1731 1450 1804 ctiam

285 1877 380 1928 nunc
402 1854 593 1949 pendentes
607 1853 724 1928 videre
747 1865 810 1945 est,
831 1875 1049 1950 quorumque
1072 1853 1283 1927 habitatores
1303 1855 1452 1950 singulis

283 1976 353 2050 illis
380 1976 553 2074 specubus
572 1988 736 2072 tanquam
758 1975 928 2049 cubiculis
948 1975 1155 2073 quibusdam
1177 1978 1375 2051 utebantur.

331 2100 492 2173 Attamen
507 2101 549 2174 de
565 2100 618 2173 his
637 2098 882 2173 excelsioribus
898 2099 1073 2196 speluncis
1088 2101 1270 2175 manifesto
1286 2113 1386 2200 poeta
1404 2103 1453 2178 lo-

284 2225 343 2318 qui
359 2248 429 2298 non
445 2235 588 2321 poterat.
606 2225 726 2298 Timeo
742 2247 825 2319 ergo
840 2247 884 2296 ne
905 2225 971 2298 hoc
989 2224 1106 2298 minus
1127 2226 1338 2300 adverterint
1354 2251 1455 2302 com·

282 2358 505 2438 mentatores‚
530 2349 681 2445 speciem
706 2348 874 2437 locorum,
901 2349 1011 2444 qualis
1037 2349 1163 2423 nostris
1185 2351 1308 2425 diebus
1327 2363 1469 2444 exstat.

282 2494 352 2544 non
370 2472 528 2546 eamdem
543 2495 617 2546 esse
637 2496 738 2570 posse
759 2495 835 2568 quae
860 2472 926 2546 fuit
947 2472 1072 2546 abhinc
1088 2473 1182 2546 mille
1200 2497 1320 2548 annos.
1336 2475 1455 2550 Hodie

281 2596 374 2668 enim
402 2597 444 2668 ad
474 2619 578 2693 rupes
606 2596 682 2670 illas
712 2596 852 2670 nonnisi
880 2595 1024 2693 abrupta
1059 2597 1180 2671 semita
1207 2598 1322 2671 aditur
1343 2610 1455 2695 atque

279 2721 449 2819 praecipiti
478 2721 577 2810 colle,
606 2723 665 2818 qui
686 2722 870 2796 manifesto
894 2722 970 2796 labe
994 2733 1027 2796 et
1051 2745 1211 2796 saxorum
1234 2735 1268 2796 55
1286 2736 1456 2820 proruto-

280 2869 359 2917 rum
373 2845 542 2917 moenium
559 2857 780 2941 exaggeratus
796 2856 859 2919 555.
877 2845 949 2920 Sub
964 2847 1031 2919 hoc
1042 2869 1124 2942 ergo
1140 2847 1275 2920 tumulo
1286 2847 1455 2944 suspicor

280 2993 423 3065 specum
442 2980 600 3042 nostrum
621 2970 846 3065 quaerendum
857 2994 944 3062 csse,
960 2981 1063 3068 atque
1079 2971 1115 3044 in
1128 2995 1167 3046 ea
1179 2972 1320 3068 quidem
1332 2973 1457 3049 altitu-

280 3092 361 3166 dine
389 3093 505 3178 sitom,
530 3104 569 3166 ut
597 3092 679 3166 inde
706 3093 810 3167 simul
830 3093 965 3168 eminus
989 3095 1307 3192 appropinquantes
1330 3099 1456 3174 hostes

279 3217 393 3314 puella
412 3216 528 3291 videre
546 3217 709 3315 potuerit,
735 3241 849 3316 neque
867 3231 983 3292 tamen
1004 3219 1179 3316 equitibus
1201 3233 1235 3294 et
1254 3221 1455 3296 invadenti·

278 3342 344 3416 bus
358 3343 516 3417 hostibus
532 3365 603 3416 non
621 3354 712 3417 esset
729 3344 853 3418 aditus.

327 3468 493 3565 Superest
511 3467 576 3540 alia
593 3470 748 3564 quaedam
766 3469 1016 3565 quaestiuncula
1032 3469 1074 3542 de
1090 3493 1169 3566 qua,
1186 3494 1294 3566 quum
1310 3481 1451 3547 ceteros

278 3603 568 3679 commentatores
586 3593 725 3690 sugerit,
747 3593 909 3690 pauciora
925 3594 1026 3667 verba
1043 3593 1199 3666 iacienda
1216 3605 1307 3668 sunt.
1323 3595 1363 3666 ln
1384 3595 1451 3668 tri-

277 3716 343 3789 bus
363 3716 431 3789 illis
446 3716 602 3790 versibus
618 3717 744 3813 quibus
765 3741 889 3814 specus
909 3718 1129 3808 describitur,
1153 3717 1336 3792 lectionem
1353 3730 1449 3793 attu-

279 3839 382 3914 limus
399 3841 573 3937 plerisque
587 3841 685 3915 libris
699 3865 941 3917 communem:

491 4042 554 4103 b'on
571 4041 676 4104 tellure
691 4063 758 4105 cava
774 4048 885 4106 tactum
901 4045 951 4106 sed
967 4043 1077 4107 vertice
1092 4063 1208 4125 rupum.

327 4262 488 4336 Attamen
504 4264 572 4338 duo
591 4264 670 4337 libri
690 4266 835 4362 C'lpro
854 4290 979 4362 reputo
994 4267 1123 4341 hahent
1140 4282 1288 4364 ruptum.
1309 4266 1401 4352 Quid
1417 4269 1447 4340 si

196 4489 199 4495 ι
277 4387 350 4460 baec
369 4389 471 4461 lectio
487 4388 599 4461 verior
623 4391 738 4462 esset?
762 4390 883 4486 Neque
908 4391 1088 4463 minimam
1102 4393 1202 4464 allert
1223 4390 1276 4462 ttti
1298 4391 1446 4463 auctori-

277 4539 486 4546 —.——-

315 4613 338 4662 t.
355 4612 382 4664 ll.
397 4614 457 4665 561.
474 4615 525 4666 Hac
537 4629 619 4668 coram
634 4620 713 4680 porta.
