3472 5648
743 542 886 616 ..⁴75
938 584 984 597 .-

281 735 352 786 non
367 712 409 786 de
424 714 550 810 gladio,
571 713 685 810 potius
705 734 786 786 vero
808 710 851 783 de
872 710 994 803 vagina
1014 709 1161 799 dicatur,
1181 710 1371 807 rejicienda
1395 720 1447 784 est

280 837 535 922 lemicensem·
559 858 672 932 neque
691 834 774 931 quid
795 855 856 907 vox
875 832 983 906 edem
1003 831 1069 905 sibi
1090 833 1172 906 velit
1187 832 1349 907 lucidius.
1360 834 1447 907 Res-

282 969 331 1050 tut
344 959 472 1033 cluam.
487 957 578 1045 Quid
597 967 713 1030 nutem
732 957 761 1030 si
779 956 864 1030 ulcu
887 955 1041 1053 positum
1060 954 1183 1028 suisset
1201 979 1265 1052 pro
1282 956 1395 1042 oetlcu,
1411 955 1448 1029 id

282 1093 334 1155 est
347 1082 504 1176 capion?
517 1080 637 1176 Neque
657 1101 739 1180 vero
762 1101 817 1151 res
833 1077 994 1173 ambigua
1012 1100 1089 1152 esse
1103 1088 1228 1174 potest,
1245 1099 1316 1151 non
1334 1079 1449 1152 solum

283 1203 376 1299 quod
398 1203 422 1276 C
445 1201 608 1275 librarius
638 1224 742 1298 supra
769 1200 954 1274 lectionem
979 1222 1078 1273 suam
1102 1199 1207 1273 celent
1223 1201 1299 1274 haec
1322 1201 1445 1275 verba:

285 1329 320 1399 ,εἰ
337 1328 502 1423 copinam
518 1325 668 1422 scripsit,
689 1325 752 1400 sed
766 1325 859 1421 quod
875 1334 908 1397 et
926 1324 963 1395 in
979 1324 1050 1417 ,alio
1065 1324 1155 1414 loco,
1179 1350 1209 1398 v.
1224 1325 1308 1416 922,
1327 1326 1449 1399 eadem

282 1474 366 1525 voce
380 1451 463 1524 ulcu
478 1472 541 1547 pro
558 1449 667 1524 culco
682 1459 800 1524 noster
815 1472 899 1522 usus
915 1459 983 1522 est:
1347 1441 1352 1448 ’

388 1697 647 1776 Sanquincumque
661 1699 737 1760 ulca
751 1697 846 1758 uiridi
858 1697 1034 1758 dimerserat
1047 1713 1158 1769 entem,

285 1935 433 2010 scilicet:
456 1961 473 2005 u
492 1935 646 2029 gladium
663 1934 795 2030 vaginae
809 1933 965 2008 condidit
981 1959 998 2004 n
1013 1960 1022 2024 ;
1040 1942 1143 2030 atque
1162 1931 1329 2029 equidem
1341 1933 1451 2007 miror

285 2058 459 2156 quomodo
483 2058 665 2156 conspicui
678 2057 743 2130 viri
765 2067 804 2130 ut
819 2056 980 2147 Schellel,
997 2057 1204 2146 San-Marte,
1226 2066 1305 2161 etc,
1331 2056 1368 2128 in
1384 2058 1450 2131 hoc

284 2183 361 2257 loco
381 2183 466 2256 adeo
481 2206 597 2256 errare
615 2182 792 2279 potuerint
811 2191 851 2253 ut
866 2180 942 2254 voci
957 2180 1049 2254 cloec
1066 2180 1136 2252 vim
1154 2180 1248 2254 vocis
1261 2181 1374 2255 terto
1391 2181 1451 2254 tri·

284 2305 442 2396 buentes,
459 2305 553 2378 illam
568 2305 604 2377 in
619 2304 858 2400 germanicum
872 2303 1044 2399 Ricdqrur
1054 2303 1305 2377 transtulerint.

334 2430 434 2516 Quod
448 2452 529 2502 vero
543 2428 683 2501 maximi
697 2428 865 2502 momenti
881 2438 943 2518 est,
968 2428 1043 2500 haec
1061 2427 1182 2500 eadem
1198 2450 1261 2501 vox
1280 2428 1365 2502 ulca
1380 2451 1450 2503 non

285 2554 402 2627 minus
430 2553 738 2656 consonantiarum
761 2552 836 2649 lege
864 2575 969 2648 quam
992 2553 1163 2626 sententia
1188 2554 1386 2645 arcessitur,
1413 2565 1452 2626 ut

284 2678 387 2774 plane
408 2686 550 2774 apparet
576 2699 595 2749 e
624 2676 855 2773 conjunctura
883 2675 1091 2749 verborum:
1119 2676 1284 2750 uiridem
1313 2697 1452 2750 uacuu-

281 2812 380 2898 κεναί
395 2800 578 2878 uuluam.
599 2799 776 2896 Quidquid
793 2799 835 2873 de
849 2800 881 2871 vi
896 2799 1018 2874 litterae
1033 2799 1228 2890 ediximus
1242 2822 1346 2898 supra
1360 2800 1449 2874 vide.

285 2925 346 2997 Vix
375 2947 457 3022 ergo
490 2923 641 2998 dubitari
663 2933 776 3022 potest
803 2925 893 2997 hanc
916 2946 1037 2997 vocem
1056 2923 1176 2998 ulnam
1201 2922 1340 3021 abipso
1368 2946 1451 2997 auc-

283 3058 359 3122 tore
377 3048 525 3145 positam
543 3049 661 3138 luisse,
682 3071 791 3144 quum
802 3069 883 3120 vero
904 3047 1111 3120 consonanti
1130 3047 1244 3121 littera
1260 3070 1280 3119 c
1297 3047 1333 3120 in
1349 3046 1452 3120 colcu

284 3171 538 3267 produceretur
554 3170 763 3245 antecedens
782 3168 909 3268 syllaba
920 3182 957 3243 nt
971 3171 1007 3244 in
1021 3180 1242 3258 tmcuuuerut,
1259 3180 1453 3280 correctam

284 3291 391 3369 luisse
406 3296 449 3370 ab
464 3294 757 3387 emendatoribus,
776 3319 896 3370 vocem
913 3294 1032 3368 uiuum
1047 3293 1214 3367 inensem
1230 3295 1322 3368 unde
1341 3294 1451 3392 impe-

286 3417 384 3492 ritior
396 3417 559 3491 librarius
575 3417 769 3492 litterarum
783 3417 892 3491 lonna
909 3417 1077 3514 deceptus
1096 3415 1203 3490 ecdem
1215 3415 1342 3490 effecit.

331 3543 371 3614 ln
395 3542 449 3615 bis
473 3565 548 3637 quae
573 3553 767 3638 sequuntur
792 3541 969 3639 exemplis,
997 3563 1196 3637 quanquam
1215 3539 1361 3637 singulae
1384 3540 1453 3614 lec-

287 3664 411 3755 tiones,
442 3664 533 3736 inter
561 3687 648 3759 quas
675 3664 769 3761 optio
790 3664 852 3737 tibi
872 3664 985 3754 datur,
1008 3687 1088 3736 curn
1112 3685 1217 3737 sensu
1241 3673 1451 3759 congruunt,

286 3789 354 3862 illis
366 3787 594 3862 nibilominus
608 3787 828 3880 lectionibus,
842 3796 1012 3885 quaecum
1026 3789 1334 3862 consonantiarum
1348 3789 1453 3862 modo

286 3921 485 4009 congruunt
499 3910 620 4008 primae
635 3922 748 4008 partes
764 3911 865 3986 nobis
879 3911 1075 3985 tribuendae
1093 3909 1174 3985 visae
1189 3921 1281 3984 sunt.

335 4039 454 4133 ltaque
469 4036 715 4132 recipiendum
729 4038 832 4112 nobis
847 4038 1002 4112 videtur:

336 4161 396 4234 Vv.
415 4161 497 4250 537,
517 4160 596 4255 Ipse
614 4160 728 4234 oculos
749 4171 859 4235 terso
873 4162 1008 4235 somni
1018 4160 1232 4258 plaucomute
1246 4182 1406 4257 purpurea
1425 4159 1454 4232 D

288 4306 350 4382 pro
365 4295 474 4357 tereos
489 4284 615 4371 cononi,
639 4285 730 4380 quod
746 4285 954 4382 praebetura
970 4286 1116 4376 ceteris3
1133 4285 1218 4375 lut,
1243 4285 1391 4359 Uenerut
1410 4286 1458 4360 ud

285 4413 474 4508 finctum
501 4412 611 4484 tam
625 4421 690 4484 cet.
715 4434 778 4508 pro
796 4413 926 4506 fiuntcc
950 4413 999 4501 (13
1024 4412 1107 4503 109,
1128 4412 1323 4509 Iccireoque
1348 4413 1457 4486 nimie

285 4536 452 4632 princepe
465 4524 667 4609 dilacerat
686 4535 781 4610 illoc
793 4535 860 4608 ΑΗ
876 4559 938 4632 pro
952 4535 1067 4610 anthus
1085 4547 1149 4612 cet.
1163 4562 1173 4627 ;
1187 4535 1272 4628 472,
1292 4543 1457 4614 Heme
