3488 5656
684 574 923 647 -99—

219 740 355 813 titurius
369 751 501 827 contro,
522 741 695 814 succurrit
710 740 746 813 in
762 750 915 814 rnentern
943 766 973 812 v.
990 741 1072 829 653,
1091 763 1203 836 neque
1214 762 1293 812 vero
1311 739 1386 812 tofis

221 863 331 958 qualis
357 887 450 936 nune
480 864 523 936 ab
547 864 710 937 omnibus
734 863 832 937 libris
858 863 1018 954 refertur,
1047 863 1108 938 sed
1138 863 1227 955 talis,
1251 864 1388 960 qualem

220 985 319 1058 illurn
335 987 497 1083 equidem
513 987 549 1060 in
565 987 736 1086 principio
755 989 862 1062 fuisse
879 988 1054 1085 suspicor:

329 1232 400 1292 Tum
414 1232 534 1294 iuuenis
548 1237 660 1294 eontra
672 1232 797 1310 tidenter
807 1232 936 1311 protulit
948 1231 1025 1304 ieta,

220 1477 256 1550 id
287 1486 339 1550 est
367 1476 505 1550 leonino
542 1487 715 1550 concentu
743 1487 914 1550 ornatum.
940 1477 1065 1551 Postea
1094 1498 1174 1550 vero
1202 1477 1238 1549 in
1264 1477 1387 1552 eodem

220 1626 250 1674 v.
273 1599 356 1691 653,
379 1623 443 1674 vox
474 1609 593 1673 contro
624 1599 824 1697 conjectura
852 1610 982 1673 mutata
1008 1610 1059 1674 est
1089 1600 1322 1688 inconstans,
1353 1612 1387 1674 et

219 1725 327 1822 priori
357 1724 408 1796 illi
437 1723 577 1797 lectioni
592 1723 742 1819 fidenter
762 1725 913 1822 protulit
929 1725 1008 1812 istu,
1036 1725 1143 1798 ultera
1165 1725 1298 1822 adjecta
1318 1748 1386 1798 res·

214 1871 361 1944 porosum
372 1848 521 1945 protulit
535 1848 638 1922 istud.

267 1972 333 2058 Qui
349 1972 416 2046 loci
438 1972 602 2068 quidnam
621 1996 701 2047 vero
720 1974 970 2064 demonstrant,
996 1972 1062 2046 nisi
1085 1971 1235 2046 librariis
1257 1973 1386 2070 prima-

219 2096 352 2170 riorum
364 2097 519 2192 singufos
537 2090 725 2175 versiculos
741 2097 908 2193 poematis
918 2099 955 2170 in
965 2099 1133 2171 rnernorio
1144 2097 1386 2171 fuisse‘fUnde

219 2220 335 2292 forsan
359 2219 531 2316 explanari
556 2231 670 2318 potest
692 2223 866 2318 quomodo
892 2223 985 2295 solus
1008 2258 1030 2300 α
1051 2221 1204 2294 attulerit
1223 2221 1385 2294 meliores

219 2344 294 2418 iilos
310 2345 477 2418 lectiones
501 2347 629 2442 (funis,
648 2346 757 2444 Affer,
777 2347 993 2435 dimerserat,
1012 2346 1157 2444 inertie)
1174 2371 1250 2444 quoe
1265 2357 1385 2444 posteo

218 2468 254 2540 in
266 2468 524 2543 Atransierunt.
535 2468 592 2542 Sic
602 2493 739 2565 quoque
754 2469 947 2558 emenone
958 2469 1116 2566 adjutum
1126 2493 1262 2560 oense0,
1276 2493 1384 2566 quum

218 2592 401 2667 obscurius
423 2592 509 2666 illud
537 2593 661 2666 tuero.
680 2595 797 2682 miser,
828 2594 920 2690 quod
950 2605 1083 2668 eeteros
1102 2605 1221 2691 postea
1250 2594 1381 2686 fefellit,

217 2727 311 2791 reete
332 2717 530 2819 restitueret
548 2717 584 2789 in
602 2719 746 2792 miser...
763 2719 941 2807 inertium,
963 2729 1041 2810 ete,
1058 2730 1123 2793 oto.

267 2841 492 2938 Quocumque
508 2865 587 2916 vero
604 2843 707 2916 modo
724 2867 780 2918 res
796 2843 860 2919 ista
881 2867 918 2918 se
936 2844 1072 2935 habeat,
1090 2843 1177 2917 illud
1193 2844 1265 2941 jorn
1286 2867 1381 2917 eorn-

217 2968 544 3063 pertumhabenrus,
557 2970 648 3064 quod
662 2969 854 3067 plurirnurn
869 2970 986 3062 refert,
999 2970 1177 3044 nonnullis
1196 2970 1384 3044 correctio·

218 3091 332 3182 nibus
356 3093 690 3190 interpositionibus,
715 3095 911 3191 additisque
933 3096 1047 3170 verbis
1065 3096 1260 3171 interlitum
1277 3096 1384 3170 fuisse

218 3217 374 3290 oodioenr
390 3228 549 3289 nostruin
562 3217 609 3292 n'.
627 3218 783 3303 Quorum
799 3219 957 3294 focorum
977 3231 1016 3292 ut
1032 3245 1142 3294 unurn
1165 3222 1216 3295 vei
1233 3222 1383 3295 alterum

218 3340 332 3413 aerius
357 3341 583 3438 inspiciamus
607 3343 890 3440 operaepretium
913 3354 974 3417 est.
1004 3345 1043 3419 V.
1069 3346 1116 3420 98
1144 3346 1302 3421 abusio
1331 3370 1384 3420 re·

218 3464 346 3537 fertur:

324 3709 365 3770 Ae
380 3711 473 3772 ueluti
484 3711 623 3789 proprios
638 3713 756 3772 nutrire
770 3712 887 3773 iubebat
903 3714 1021 3774 uirtute
1035 3744 1051 3778 α
1067 3735 1074 3782 ;

218 3967 280 4041 pro
291 3946 497 4041 propriosD
514 3947 619 4021 habet
631 3971 779 4045 pueros;
801 3970 863 4045 pro
883 3949 1024 4022 teretes
1042 3951 1233 4040 totumue
1255 3950 1381 4048 posuit.

218 4068 348 4142 Vitium
362 4093 441 4143 vero
459 4071 552 4166 quod
566 4072 657 4146 inest
671 4073 709 4145 iu
727 4071 867 4150 heredes
882 4098 926 4148 ne
951 4075 1102 4149 auctoris
1119 4075 1301 4174 imperitiae
1319 4077 1382 4150 tri·

218 4192 303 4265 huus
318 4202 408 4266 vetat
428 4216 545 4268 versus
568 4197 634 4269 38:
655 4197 864 4274 Debotttaee
887 4200 995 4288 teres,
1018 4222 1086 4296 quo
1115 4199 1257 4296 planurn
1277 4201 1383 4275 effioi-
1435 4189 1436 4192 ¹

153 4363 154 4367 =
218 4329 274 4390 tur
288 4319 492 4393 vocisonos·
515 4345 631 4395 verum
645 4347 846 4399 mensuram
862 4349 942 4400 euin
956 4348 1028 4400 non
1044 4324 1184 4424 fugisse.
1198 4328 1290 4425 Ergo
1304 4316 1381 4400 non

218 4441 260 4514 ab
275 4442 334 4514 iffo
350 4466 413 4517 vox
426 4443 566 4518 monetes
581 4445 617 4518 in
631 4446 785 4522 clausula
800 4471 918 4524 versus
929 4450 1040 4546 positu
1052 4460 1114 4540 est,
1128 4450 1187 4524 sed
1204 4452 1246 4525 ab
1265 4474 1383 4526 enien-

216 4565 337 4639 datore
366 4567 528 4663 quodam,
555 4567 626 4665 qui,
652 4592 760 4664 quum
790 4571 1008 4648 interlineas
1031 4573 1181 4669 spatium
1206 4573 1381 4667 deficeret,
