3472 5648
741 563 982 638 ..90-

278 730 351 828 ipse
366 731 450 804 mihi
466 731 585 805 videor
608 733 794 808 asserendo
817 734 907 808 hane
931 756 1050 808 vocem
1075 733 1311 831 conjecturam
1328 753 1449 806 essee

279 878 361 928 voce
371 855 521 928 nibilum
537 878 640 951 quam
656 857 691 929 in
707 857 932 931 antecedente
954 880 1056 931 versu
1078 880 1180 954 supra
1195 856 1337 954 frendes
1352 854 1450 953 posi-

280 991 363 1068 tam,
383 979 487 1051 ceteri
505 979 621 1053 forsan
638 978 787 1075 glossam
806 980 989 1076 quamdam
1009 1002 1084 1054 esse
1110 978 1335 1053 erediderunt
1360 977 1449 1051 etin

278 1103 373 1211 burro
396 1125 534 1176 versum
555 1081 778 1176 attraxerunt.
1066 1197 1069 1200 Α

327 1226 370 1298 Et
384 1225 419 1297 in
435 1225 502 1301 alio
519 1226 595 1300 loco
611 1227 774 1301 videturl
792 1227 980 1301 servavisse
1005 1226 1179 1324 archetypi
1205 1226 1317 1307 verba,
1336 1247 1451 1321 quan-

280 1372 383 1446 quam
398 1349 529 1424 librarii
546 1350 755 1446 negligentia
772 1362 945 1446 corrupta.
963 1350 1037 1424 Rex
1052 1351 1277 1440 Guntharius‚
1295 1350 1350 1422 die
1368 1360 1452 1446 post

281 1497 443 1571 pugnam,
460 1474 703 1564 Waltbarium‚
720 1475 926 1571 nonjamin
952 1485 1064 1549 eastro
1086 1497 1160 1565 suo,
1182 1475 1240 1548 sed
1262 1475 1298 1546 in
1313 1473 1451 1572 patenti

282 1621 402 1696 campo
418 1609 577 1688 stantem,
595 1599 644 1672 sie
661 1598 854 1695 compellat,
872 1624 901 1671 ν.
920 1598 1016 1675 tato
1032 1620 1103 1693 su:

392 1873 876 1892 .............
899 1845 915 1887 ‹
931 1845 996 1890 eene
1009 1828 1127 1888 latebre

387 1925 532 1986 Protenna
547 1926 702 1996 absistunt,
722 1944 761 1987 en
776 1927 841 2004 qnia
855 1925 890 1986 de
904 1943 986 1986 more
1002 1925 1112 1986 licitene

392 2068 877 2087 .............
898 2021 1151 2083 introeuntes.
1177 2039 1192 2079 n

329 2256 363 2332 Si
381 2256 444 2332 tibi
467 2257 617 2354 spatium
638 2258 728 2354 quod
751 2258 787 2330 in
808 2269 983 2355 postremo
1007 2282 1107 2333 versu
1122 2258 1262 2356 punctis
1278 2256 1453 2330 indicavi
1495 2312 1500 2319 .

281 2406 360 2456 mus
376 2381 608 2481 supplendum
630 2395 732 2474 esset,
761 2383 854 2455 haud
884 2383 1082 2457 dubitanter
1105 2383 1210 2480 hujus
1235 2382 1306 2455 sere
1334 2404 1449 2476 gene·

282 2506 330 2579 ris
353 2505 455 2579 verba
477 2505 643 2580 adderes:
659 2508 737 2578 sine
747 2506 916 2603 periente,
936 2520 1100 2604 tunquam
1115 2529 1133 2578 e
1148 2518 1217 2579 tntu
1234 2505 1314 2578 ioco.

330 2629 442 2724 Atque
457 2652 494 2701 re
511 2653 589 2702 vera
607 2653 682 2725 quae
697 2629 896 2726 praebentur
910 2631 953 2704 ab
969 2632 982 2703 t
998 2629 1171 2703 benevim
1187 2629 1333 2709 habent:

393 2903 759 2922 ..........
780 2875 819 2918 en
835 2859 900 2935 quie
914 2859 949 2918 de
963 2876 1044 2918 more
1058 2859 1166 2919 lintace>

392 2954 523 3032 Undique
537 2952 681 3021 defensus
695 2952 824 3030 [rabilia
839 2956 952 3016 latrare
966 2955 1090 3029 uolebas,
1194 3024 1196 3027 ¹

282 3187 365 3258 dum
387 3185 492 3258 eeteri
518 3186 608 3258 hane
633 3196 744 3280 poetae
771 3184 947 3280 proposito
973 3185 1088 3257 minus
1107 3194 1359 3278 congruentem
1381 3185 1458 3257 leo-

284 3309 413 3382 tionem
429 3309 585 3382 habent:
669 3304 672 3310 ’

390 3531 529 3592 bentibus
543 3531 715 3609 infrendens
730 3531 843 3591 rabidis
858 3532 970 3591 latrare
983 3532 1095 3592 solebas
1107 3535 1126 3589 ¹.

324 3805 346 3851 t.
364 3803 397 3852 Ne
411 3802 470 3863 quid
482 3803 597 3869 mentiar,
613 3817 701 3855 versus
714 3805 836 3854 nostrisie
850 3805 880 3854 ab
899 3802 917 3868 Ι,
936 3807 1010 3866 atque
1031 3803 1187 3854 stolidissime
1210 3802 1319 3868 quidem,
1337 3805 1462 3854 referun-

286 3884 326 3930 tur
336 3896 342 3930 :

503 4067 827 4084 ..........
850 4045 907 4082 eece
921 4032 1030 4082 latebrae

501 4109 620 4172 Undique
629 4109 759 4170 defensus
771 4110 881 4173 frenetis
893 4112 926 4162 de
938 4124 1013 4161 neore
1025 4112 1122 4161 ticianae

500 4188 623 4236 Sentibus
636 4188 794 4250 tnfrendens
806 4191 908 4240 rabidis
922 4191 1026 4240 latrare
1037 4191 1140 4240 solebat
1154 4185 1221 4258 (sie),

289 4360 323 4410 ita
337 4362 365 4410 ut
379 4362 508 4422 utramque
522 4361 651 4411 lectionem
666 4365 722 4412 ante
736 4363 820 4413 ocutos
833 4365 948 4415 babuisse
961 4367 1090 4416 manifesto
1112 4368 1238 4429 appareat.
1264 4365 1310 4416 Sed
1325 4365 1385 4428 quis
1406 4381 1464 4420 non

290 4440 356 4490 ridet
368 4440 460 4489 librarii
475 4441 587 4490 socordia
609 4441 722 4491 effectum
744 4443 821 4492 tuisse
839 4447 867 4494 ut
888 4446 975 4495 barum
996 4446 1136 4512 lectionum,
1152 4457 1207 4507 quae
1231 4448 1349 4507 tanquam
1362 4446 1465 4505 glossae

291 4519 406 4580 conjectae
420 4521 499 4578 erant,
514 4519 591 4568 altera
606 4517 631 4566 in
642 4519 747 4579 priorem
761 4533 868 4587 versum,
885 4521 962 4573 attera
977 4525 1001 4573 in
1015 4525 1148 4575 seeundum
1162 4525 1286 4575 distracta
1301 4523 1419 4575 tuerint?
