3472 5648
730 538 972 612 ..26-

318 705 382 779 Cui
399 728 479 779 vero
496 704 569 780 voci
588 731 605 775 ι
624 707 776 779 Wascon
797 729 828 792 a,
849 714 1018 800 quantum
1036 703 1080 777 sit
1099 701 1337 776 similitudinis
1353 723 1433 774 cum

273 828 415 902 nomine
433 829 621 902 ‹Waltber
637 828 674 900 ai
684 827 959 901 Waskensteinr
981 828 1017 898 in
1033 825 1152 899 oculos
1172 823 1329 897 incurrit.
1345 822 1435 909 Quid

273 975 355 1046 ergo
374 953 402 1026 si
425 955 638 1027 oWascon»
666 953 751 1024 illud
773 964 808 1026 ει
823 951 1006 1048 Aquitania
1024 951 1134 1049 patria
1155 949 1241 1023 nibil
1257 948 1324 1023 nisi
1339 970 1437 1022 error

272 1089 364 1153 esset
383 1103 425 1152 ex
448 1079 652 1152 confusione
671 1089 705 1151 ει
724 1101 890 1152 sonorum
908 1088 942 1150 et
964 1079 1122 1151 locorum
1144 1077 1272 1149 natus?
1286 1073 1437 1170 Alpbere

269 1204 361 1276 enim
390 1203 425 1275 in
454 1201 578 1277 ceteris
602 1202 811 1299 germanicis
838 1200 1050 1275 carminibus
1075 1201 1128 1298 (ut
1155 1222 1258 1296 supra
1288 1196 1436 1292 dictum)

275 1347 345 1398 non
357 1325 429 1422 jam
447 1325 482 1397 iu
497 1324 680 1421 Aquitania
698 1324 850 1414 sedebat,
868 1324 928 1398 sed
947 1324 982 1396 in
997 1323 1165 1398 Francico
1180 1321 1308 1420 oppido
1326 1320 1436 1393 ‹Lin-

274 1471 435 1545 gonum»
456 1447 512 1522 cui
528 1459 580 1520 est
594 1449 723 1521 nostris
742 1446 865 1521 diebus
880 1471 1007 1521 nomen
1031 1447 1215 1543 «Langres
1235 1446 1286 1518 ε’.
1314 1527 1318 1532 ,

317 1573 479 1647 Ceterum
501 1571 575 1668 ipsa
604 1571 693 1645 actio
717 1593 836 1644 rerum
861 1572 896 1644 in
918 1571 1077 1662 Francia,
1105 1571 1140 1643 id
1167 1581 1220 1644 est
1243 1569 1280 1641 in
1294 1567 1436 1643 sinistra

267 1694 381 1768 Rheni
399 1694 486 1791 ripa,
502 1705 677 1784 versatum
696 1695 820 1767 heroes
845 1694 1002 1791 plerique
1026 1693 1163 1768 Franci.
1188 1693 1346 1788 Namque
1362 1712 1436 1763 non

267 1819 381 1892 solum
416 1817 599 1891 Guntharii
630 1817 721 1913 regis
753 1816 852 1890 sedes
886 1817 1088 1890 Wormatiae
1120 1817 1232 1914 posita
1266 1826 1336 1906 est,
1373 1815 1437 1888 sed

265 1942 439 2016 sodalium
467 1941 567 2031 alius,
600 1941 753 2031 camelo,
785 1940 976 2014 «metensi
1010 1940 1091 2013 urbi
1117 1967 1134 2011 o
1161 1940 1346 2038 praefectus
1368 1949 1433 2028 est,

266 2067 356 2139 alius
380 2066 600 2160 Argentorati
632 2076 752 2156 natus,
786 2065 875 2140 alius
902 2065 1030 2162 Spirae3
1067 2067 1156 2139 adde
1185 2065 1278 2161 quod
1311 2064 1438 2137 formae

265 2189 422 2284 finesque
437 2188 619 2261 nominum
639 2212 715 2285 quae
731 2189 876 2284 singulis
888 2188 1065 2263 sodalibus
1083 2188 1285 2262 tribuuntur
1302 2187 1436 2262 franci·
1502 2257 1504 2260 ,

266 2336 341 2385 cam
358 2310 510 2407 speciem
532 2311 749 2385 hauddubie
779 2312 945 2408 praebent,
970 2323 1007 2384 ut
1029 2312 1269 2402 Scaramundi,
1290 2338 1322 2383 v.
1350 2311 1437 2401 688,

267 2434 361 2531 quod
377 2457 459 2508 cum
473 2434 710 2507 Pharamundi
726 2437 878 2526 nomine,
891 2437 994 2532 primi
1003 2437 1219 2509 Francorum
1234 2434 1337 2528 regis,
1355 2434 1439 2530 jure

265 2557 476 2647 contuleris3
512 2557 561 2630 sic
590 2557 694 2630 etiam
722 2560 758 2632 in
790 2559 928 2632 Tanasti
965 2559 1105 2632 nomine
1134 2557 1305 2656 eumdem
1327 2558 1437 2628 finem

265 2680 385 2770 habes,
416 2680 474 2775 qui
501 2679 674 2775 reperitur
695 2679 731 2750 in
759 2681 936 2754 nonnullis
959 2680 1160 2754 nominibus
1187 2679 1278 2775 apud
1305 2676 1437 2752 Frede-

263 2805 400 2898 garium
424 2804 636 2876 enumeratis
656 2814 690 2876 et
716 2804 852 2878 francos
871 2805 1085 2900 legislatores
1104 2802 1379 2899 designantibus,
1396 2814 1438 2875 ut

267 2926 478 3014 Windevost,
493 2925 682 3019 Wisogast,
698 2925 881 3023 Arbogast,
901 2927 1086 3022 Salegast².

315 3049 435 3144 Neque
449 3048 534 3120 illud
549 3071 567 3119 a
585 3050 800 3122 Francorum
817 3049 961 3123 historia
979 3049 1131 3122 alienum
1147 3049 1241 3144 quod
1256 3050 1400 3145 Hagano
1417 3071 1437 3120 a

266 3172 400 3267 trojana
426 3172 533 3266 stirpe
549 3181 645 3243 ortus
664 3171 791 3244 dicitur
800 3172 824 3262 ³,
842 3196 948 3267 quum
960 3172 1022 3245 illo
1048 3184 1204 3267 tempore
1229 3194 1299 3266 quo
1320 3170 1434 3266 scrip-

264 3329 475 3341 -0—————·-—

304 3403 327 3456 1.
344 3405 387 3455 Hic
402 3407 441 3455 est
454 3405 559 3455 fortasse
573 3404 642 3454 locus
657 3405 698 3454 ubi
720 3406 750 3481 de
769 3419 793 3456 v.
810 3407 860 3456 765
880 3406 971 3456 mentio
990 3407 1041 3472 liat,
1063 3405 1178 3468 quicum
1192 3405 1218 3454 in
1232 3404 1348 3456 omnibus
1361 3404 1436 3456 libris

264 3485 299 3535 sic
315 3486 439 3536 habetur:

373 3597 464 3648 Celtica
478 3598 561 3660 lingua
574 3598 662 3659 probat
675 3599 700 3647 te
714 3609 743 3646 ex
756 3597 798 3647 illa
812 3600 885 3659 gente
900 3601 1019 3666 creatum,

372 3676 416 3727 Cui
429 3680 519 3727 natura
533 3677 600 3727 dedit
614 3677 722 3739 reliquas
736 3677 843 3727 ludendo
854 3677 950 3739 praeire.

263 3820 277 3856 a
295 3805 405 3872 Poipero,
416 3807 491 3856 timeo
505 3806 619 3868 equidem
633 3819 664 3855 ne
676 3806 804 3871 temerius,
820 3806 854 3856 ita
868 3807 967 3856 relictus
982 3809 1037 3859 est:
1051 3807 1148 3870 probat
1163 3818 1206 3855 me
1224 3818 1258 3856 ex
1273 3807 1324 3856 illc
1339 3809 1421 3869 cente
1427 3822 1437 3868 ,·

263 3886 329 3935 unde
344 3886 371 3934 iit
384 3888 413 3934 ut
427 3883 576 3934 Waltharius
590 3897 617 3933 se
631 3884 711 3946 ipsum
724 3885 754 3934 de
767 3885 854 3934 celtica
867 3886 943 3947 stirpe
957 3889 1039 3936 ortum
1052 3888 1207 3948 profiteatur.
1232 3885 1256 3935 Si
1276 3888 1365 3936 contra
1379 3900 1437 3937 cum

263 3963 379 4013 omnibus
393 3964 419 4011 te
432 3963 532 4028 legeris,
555 3966 714 4012 convertetur
736 3965 821 4013 eadem
836 3966 989 4027 compellatio
1013 3965 1181 4015 aWalthario
1205 3965 1236 4014 ad
1261 3964 1368 4015 Ekeurid
1394 3967 1439 4028 qui

264 4043 338 4104 paulo
353 4055 428 4104 supra
441 4055 454 4091 a
470 4041 595 4092 saxonicis
612 4041 662 4091 oris
675 4047 807 4102 generatus
821 4043 919 4093 dieitur.
936 4043 1116 4094 Dubitationem
1136 4044 1254 4094 afferebat
1267 4042 1370 4106 Peipero
1385 4057 1439 4094 ma·

262 4122 353 4172 nifeste
371 4136 381 4163 r
399 4121 487 4171 celtica
499 4121 583 4181 lingua
600 4135 611 4163 a
629 4119 717 4170 Saroni
730 4122 888 4182 applicatum.
905 4122 988 4184 Neque
1004 4126 1087 4172 tamen
1103 4125 1149 4172 hoc
1163 4123 1252 4172 mirum
1273 4126 1333 4174 est:
1356 4122 1439 4174 Celta-

263 4213 318 4250 rum
333 4199 398 4249 enim
411 4211 499 4249 nomen
514 4212 590 4261 quum
609 4198 708 4248 arctiori
722 4198 850 4248 intellectu
870 4198 944 4265 Gallis
967 4201 1043 4250 tribui
1068 4202 1140 4266 solet,
1162 4213 1189 4250 re
1204 4213 1263 4251 vera
1278 4201 1395 4252 omuibus
1412 4205 1438 4253 et

264 4279 352 4330 mediae
366 4281 392 4328 et
405 4277 563 4327 occidentalis
576 4276 680 4339 uurooae
695 4277 816 4339 prioribus
829 4278 915 4327 incolis
929 4291 1057 4328 commune
1072 4283 1134 4345 erat,
1160 4279 1225 4329 iuter
1242 4292 1304 4341 quos
1320 4283 1346 4330 et
1359 4279 1439 4330 Saxo·
1526 4340 1530 4346 ²

265 4369 319 4423 nes,
338 4356 389 4421 qui,
405 4359 469 4406 teste
483 4355 621 4423 Ptolemae,
633 4356 659 4406 in
673 4357 789 4406 cimbrica
805 4355 956 4408 Chersoneso
970 4359 1041 4408 sedes
1055 4359 1188 4408 habebant.

304 4456 329 4504 ι’.
345 4449 380 4500 Gi.
398 4450 544 4519 San-Marte,
559 4465 581 4514 p.
596 4453 638 4503 lo.

305 4552 330 4600 3.
348 4547 438 4599 lndolis
453 4547 557 4609 egregio
571 4549 672 4598 veniens
686 4549 716 4598 de
729 4548 839 4608 germine
854 4547 931 4610 Trojre
946 4545 980 4614 (r.
999 4544 1052 4614 28).
