3472 5648
675 574 903 624 ..lx-

203 717 313 791 nostri
333 739 459 808 sermo
477 716 604 791 deinde
620 740 833 814 exponemus
852 718 911 791 iila
926 743 1003 815 quae
1017 719 1311 816 deprehendimus
1329 725 1372 796 de

202 860 336 932 ratione
351 859 493 933 metrica
512 871 546 933 et
561 871 736 933 concentu
750 863 947 935 verborum.

251 1003 367 1088 Quum
385 1025 466 1075 vero
489 1002 639 1076 aliorum
664 1002 836 1076 librorum
857 1004 1025 1077 lectiones
1048 1005 1205 1101 propius,
1225 1006 1374 1079 aliorum

204 1143 377 1217 minusad
392 1146 482 1216 hanc
493 1144 664 1218 rationem
674 1144 851 1233 accedant,
865 1146 1115 1237 explorandum
1126 1147 1192 1219 erit
1202 1170 1318 1221 nonne
1334 1171 1373 1221 ex

207 1284 261 1357 his
279 1285 522 1381 comparandis
536 1284 745 1359 lectionibus
755 1284 933 1358 conclusio
949 1286 1108 1380 quaedam
1125 1286 1247 1359 inferri
1265 1289 1375 1384 possit

208 1428 251 1499 de
266 1426 483 1521 singulorum
494 1427 664 1500 librorum
676 1426 878 1499 auctoritate
893 1442 927 1498 et
940 1449 1011 1499 aevo
1027 1438 1060 1500 et
1076 1427 1118 1501 de
1130 1429 1373 1502 constituendo

210 1581 313 1642 textu.
331 1570 443 1653 Quem
464 1578 502 1640 ut
519 1578 632 1640 totum
657 1567 918 1661 refingeremus‚
943 1592 1052 1663 quum
1075 1592 1146 1642 non
1168 1570 1250 1642 satis
1272 1570 1373 1643 nobis

209 1711 272 1809 ipsi
289 1710 556 1798 confideremus,
568 1710 634 1781 hoc
649 1708 771 1781 saltem
785 1710 1002 1805 suscepimus
1020 1722 1057 1782 ut
1073 1734 1113 1783 ex
1128 1712 1262 1784 collatis
1276 1712 1375 1785 libris

207 1864 482 1926 monstraremus
506 1850 617 1946 qualis
644 1851 802 1924 omnium
817 1850 895 1923 sons
917 1852 1114 1924 communis
1133 1852 1247 1926 suerit.
1267 1853 1375 1948 Cujus

208 2007 329 2070 natura
357 2019 466 2091 quum
494 2018 513 2067 a
542 1994 876 2067 commentatoribus
909 1994 1026 2067 minus
1054 2004 1227 2084 accurate,
1256 1994 1373 2085 timec,

209 2140 365 2236 inspecta
384 2138 499 2227 suerit,
512 2136 626 2211 evenit
646 2148 683 2210 ut
698 2138 740 2209 de
757 2148 910 2225 auctore,
920 2149 981 2209 aut
995 2148 1034 2209 ut
1048 2137 1163 2211 verius
1181 2138 1314 2233 loquar,
1332 2137 1376 2209 de

208 2280 408 2355 auctoribus
423 2279 602 2376 poematis,
618 2279 802 2375 plerosque
815 2277 933 2375 opinio
956 2278 1125 2352 fefellerit.
1142 2278 1213 2351 Nos
1235 2299 1314 2351 vero
1336 2300 1374 2350 ex

210 2423 331 2496 eadem
342 2422 398 2494 iiia
413 2421 547 2493 ratione
558 2420 700 2492 metrica
713 2420 841 2492 inferre
849 2419 1065 2509 conabimur,
1079 2420 1137 2515 qui
1148 2418 1211 2491 viri
1228 2418 1375 2491 carmini

176 2605 182 2612 ·
211 2577 330 2639 nostro
348 2587 491 2661 operam
505 2562 678 2652 dederint,
695 2562 755 2657 qui
770 2583 851 2635 vero
870 2561 1113 2635 abstinuerint.
