3472 5648
755 1096 901 1172 CAPUT
925 1100 982 1174 lll.

283 1343 380 1405 QUOD
415 1344 623 1400 PRAESIDIUM
657 1345 816 1401 POSITUM
852 1348 907 1401 stu
945 1350 981 1402 IN
1017 1349 1372 1406 ALLITERATIONIBUS
1408 1353 1456 1406 ΕΤ

330 1484 566 1539 Α88οΝΑΝΤ118
586 1485 731 1541 NEGNON
752 1488 788 1540 tu
814 1488 1116 1546 floutOEorltLuuro
1137 1490 1184 1543 AD
1209 1490 1455 1546 GUNSTITUEN·

330 1626 406 1681 DUM
422 1627 582 1681 rattruut.

329 1916 369 1988 ln
386 1916 440 1990 his
456 1915 725 1991 alliterationum
743 1927 777 1989 et
791 1914 1099 1991 consonantiarum
1111 1914 1248 2012 legibus
1262 1917 1454 1992 maximum

281 2041 447 2114 auxilium
462 2050 514 2114 est
529 2041 571 2112 ad
586 2041 876 2114 conformandum
894 2049 1036 2113 textum.
1048 2039 1197 2132 Etenim,
1208 2065 1316 2136 quum
1326 2043 1363 2114 in
1380 2042 1454 2117 illis

279 2163 367 2238 locis
394 2163 455 2237 ubi
475 2185 596 2238 omnes
620 2163 700 2237 libri
724 2163 957 2253 consentiunt,
977 2163 1066 2236 hanc
1094 2162 1161 2236 sibi
1186 2164 1299 2260 legem
1324 2176 1452 2240 auctor

279 2291 372 2364 haud
392 2288 498 2362 dubie
513 2291 745 2387 proposuerit,
761 2300 917 2387 utquam
937 2289 1125 2362 maximum
1139 2290 1324 2364 verborum
1342 2291 1452 2364 tinni-

280 2403 354 2488 tum
369 2415 531 2506 efficeret,
552 2437 645 2487 nunc
663 2415 937 2512 perquirendum
955 2424 1007 2488 est
1021 2423 1138 2515 nonne
1152 2415 1190 2487 in
1209 2415 1259 2488 eis
1273 2414 1370 2507 locis,
1389 2414 1452 2490 uhi

280 2539 479 2635 discrepant
489 2538 618 2635 singuli
635 2537 728 2629 libri,
745 2539 824 2635 plus
835 2539 981 2612 fortasse
996 2537 1210 2612 auctoritatis
1225 2532 1368 2612 accedat
1381 2539 1451 2611 illis

281 2661 502 2753 lectionibus
531 2685 607 2759 quae
638 2662 945 2736 consonantiarum
973 2661 1039 2756 legi
1069 2661 1180 2757 magis
1207 2671 1452 2736 consentaneae

281 2783 362 2857 sint.

330 2906 382 2980 Ne
403 2927 483 2978 vero
497 2928 583 2978 vana
607 2906 723 3003 specie
745 2905 869 2997 delusi,
893 2907 1056 2980 leviorem
1083 2906 1320 3003 conjecturam
1340 2905 1376 2979 in
1395 2907 1452 2980 his

215 3065 218 3068 ·
281 3027 386 3101 rebus
414 3026 576 3124 persequi
595 3027 785 3119 videamur,
805 3027 884 3101 talia
910 3030 981 3126 jam
1009 3031 1193 3102 afferemus
1220 3029 1387 3126 exempla,
1414 3030 1451 3102 in

282 3148 410 3246 quibus
433 3173 509 3246 quae
538 3149 706 3223 lectiones
742 3162 885 3247 propter
918 3149 1162 3224 consonantias
1193 3150 1295 3227 nobis
1322 3151 1448 3248 praele-

281 3272 398 3345 rendae
415 3271 496 3344 visae
513 3283 606 3362 sunt,
632 3271 763 3344 eaedem
787 3295 868 3345 cum
884 3271 1018 3345 ratione
1041 3282 1075 3344 et
1098 3272 1250 3346 auctoris
1273 3274 1453 3370 proposito

281 3395 430 3469 maxime
445 3404 655 3490 congruunt.

231 3510 239 3517 ”
330 3518 510 3615 Hiltgund,
543 3517 604 3591 ubi
631 3516 904 3615 propinquantes
932 3518 1049 3592 hostes
1086 3519 1188 3611 videt,
1218 3517 1455 3594 Waltharium

283 3664 450 3739 sponsum
459 3651 630 3737 precatur,
642 3653 681 3713 ut
695 3639 824 3713 collum
841 3664 943 3714 suurn
955 3651 1098 3732 resecet,
1108 3663 1152 3715 ne
1168 3641 1274 3716 ullius
1284 3641 1371 3715 alius
1387 3642 1453 3714 viri

283 3765 485 3860 conjugium
511 3763 672 3860 patiatur.
697 3763 910 3837 Waltharius
927 3786 1007 3836 vero
1026 3765 1224 3861 respondet,
1242 3790 1279 3840 se
1300 3765 1360 3838 tali
1375 3789 1455 3838 san-

283 3889 387 3985 guine
401 3911 525 3961 manus
549 3888 680 3962 loedare
705 3889 807 3962 nolle.
832 3889 960 3962 Versus
980 3912 1058 3963 vero
1075 3913 1143 3986 quo
1166 3893 1233 3966 hoo
1248 3914 1455 3989 responsum

285 4010 499 4107 exprimitur,
516 4011 567 4085 sic
582 4012 624 4086 ab
639 4040 661 4081 α
675 4013 846 4085 refertur:

392 4229 451 4290 548
475 4231 546 4292 Tum
558 4232 677 4292 iuuenta
688 4251 698 4291 :
716 4249 732 4290 c
750 4231 846 4294 Cruor
859 4249 900 4293 ort
913 4249 1027 4295 nocuus
1041 4251 1088 4293 mc
1102 4233 1248 4294 tinuerit?
1262 4251 1278 4293 r
1294 4234 1401 4306 inquit.

333 4437 415 4511 lure
433 4460 513 4511 vero
540 4453 578 4512 tu
599 4463 731 4534 quaeres
751 4463 814 4514 our
838 4441 961 4536 puellae
986 4465 1091 4516 cruor
1116 4465 1311 4518 «nocuus»
1332 4443 1452 4540 appel·

285 4558 387 4649 latur,
415 4583 523 4656 quum
555 4548 763 4635 contrariam
792 4565 979 4659 quamdam
1005 4588 1124 4639 vocem
1156 4566 1243 4639 ratio
1277 4564 1448 4664 postulet:
1533 4545 1538 4551 ⁴
