3472 5648
721 601 767 614 -
817 581 907 635 XXIII
958 602 1004 616 ···

279 729 365 826 377)
375 727 628 802 Grimmianum
644 736 937 800 contextumnova
952 728 1156 800 recensione
1174 727 1278 818 auxit,
1291 729 1445 803 adhibito

280 853 400 926 codice
414 848 641 937 Bruxellensi‚
659 871 763 943 quem
779 850 938 922 conferre
954 850 1135 940 Grimmio,
1149 860 1185 922 ut
1201 851 1361 942 diximus
1378 876 1448 926 non

279 975 481 1069 contigerat.

328 1099 522 1170 Praetereu:

329 1222 365 1293 It.
392 1219 431 1294 G.
455 1221 623 1292 Provane.
655 1216 914 1292 Woltlturiuc...
943 1241 985 1291 ec
1012 1219 1312 1297 rcceusioucd'od.
1337 1221 1381 1296 R.
1402 1221 1446 1297 B.

279 1343 532 1417 Bruucttoust's.
557 1340 720 1436 Augustae
745 1342 990 1431 Taurinorum,
1017 1341 1112 1414 1848
1147 1343 1198 1439 (in
1228 1343 1448 1420 Monumcutu

278 1467 444 1540 Historiae
461 1464 595 1538 Putrioe
610 1463 837 1559 Scriptorum,
858 1476 883 1536 t.
906 1464 977 1559 ΙΙΙ).

328 1588 534 1682 Neigebaur.
555 1585 770 1659 Wultdurc'us
780 1609 903 1682 poento
918 1586 1039 1659 occidi
1052 1587 1179 1659 docimi
1193 1611 1236 1662 etc
1250 1590 1450 1671 recensione

283 1711 359 1786 cot.
375 1711 417 1785 R.
438 1710 480 1782 B.
505 1708 797 1783 menenensis...
820 1709 1004 1798 Monachii,
1027 1708 1134 1783 1853.
1158 1709 1208 1784 Cf.
1231 1733 1308 1806 quae
1333 1711 1376 1784 de
1394 1712 1449 1784 his

279 1833 391 1906 tribus
412 1831 627 1905 editionibus
644 1853 748 1927 supra
765 1830 925 1904 diximus.

329 1958 439 2030 Mone.
469 1955 612 2040 otietur
634 1954 707 2027 und
730 1955 983 2052 Forscltuupcu,
1008 1955 1160 2045 duchon,
1183 1955 1290 2046 4830,
1309 1980 1342 2052 p.
1363 1958 1450 2031 182-

279 2079 363 2170 184,
389 2079 573 2175 prologum
601 2076 738 2150 Geraldi
762 2099 799 2149 ex
822 2077 1037 2151 Bruxellensi
1056 2079 1174 2151 edidit.
1194 2078 1245 2152 Cf.
1269 2079 1449 2153 eumdem:

285 2201 392 2275 Uebcr
411 2200 566 2275 Wuttltcr
583 2221 647 2271 uou
663 2198 876 2295 Aquitanico
892 2200 928 2272 in
946 2200 1050 2274 Arclt.
1076 2202 1243 2296 fructos„
1268 2202 1321 2292 11,
1335 2226 1370 2299 p.
1391 2203 1452 2275 9⁶2·

280 2325 364 2414 tto,
392 2336 426 2397 et
456 2323 647 2396 Vurt'uutcu
676 2321 738 2394 der
766 2322 987 2419 Stuttpurder
1015 2324 1090 2396 ledo.
1126 2325 1296 2420 Anzeiger
1314 2326 1354 2415 V,
1380 2325 1452 2399 415

282 2447 419 2545 (reso).
773 2431 775 2434 ’

331 2570 466 2645 Nostris
489 2569 611 2642 diebus
628 2569 763 2665 Peiper‚
796 2569 931 2642 cunctis
965 2570 1022 2663 qui
1052 2582 1239 2667 supersunt
1271 2572 1451 2647 codicibus

282 2693 547 2787 diligentissime
564 2693 678 2766 denuo
694 2692 839 2781 collutis,
853 2715 975 2765 novam
988 2693 1177 2765 editionem
1185 2694 1452 2791 protulit,atque
1510 2743 1512 2751 ι

279 2839 355 2890 eum
391 2817 592 2890 doctissimo
622 2817 872 2915 commentario
903 2827 1081 2889 ornatum:
1111 2816 1314 2891 Elcltclturdt'
1340 2821 1453 2915 primi

287 2939 512 3012 Wuttlturt'us
529 2937 683 3011 Berolini
698 2938 790 3034 apud
805 2939 1068 3029 Weidmennos
1092 2940 1199 3014 1873.

332 3062 512 3134 Postremo
538 3060 686 3134 Scheiiel
710 3062 781 3133 und
808 3061 938 3134 Holder
962 3063 1137 3160 archetypi
1163 3042 1362 3136 contextum
1381 3064 1453 3137 ins-

183 3187 184 3190 ’
283 3185 470 3257 teuravisse
493 3183 558 3256 sibi
595 3183 757 3256 videntur
788 3184 824 3256 in
860 3184 1088 3271 Wultdurt'us,
1124 3185 1185 3257 lut.
1219 3185 1359 3258 Gettcut
1392 3187 1452 3259 des

284 3307 429 3379 zedrttcu
440 3306 705 3379 tantundem.
722 3307 902 3401 stuttgart,
916 3307 1024 3381 4874.

763 3569 973 3577 ———-—-—-

334 3798 548 3892 Compluries
564 3820 700 3870 versum
716 3809 767 3870 est
792 3799 861 3870 sive
880 3798 1051 3872 sincerius
1075 3798 1144 3871 sive
1164 3797 1308 3870 liberius
1328 3820 1453 3893 poema

286 3931 444 3993 nostrum
458 3943 567 4015 quum
588 3920 624 3991 in
643 3921 888 4015 germanicam,
911 3932 985 3993 tum
1006 3922 1042 3992 in
1063 3921 1146 3993 alias
1168 3922 1315 4016 linguas.

332 4047 390 4118 Fr.
410 4045 543 4117 Moiter.
569 4044 679 4116 Prtoz
700 4045 851 4118 Woltltcr
873 4068 939 4117 cort
960 4047 1182 4141 Aquitanico.
1207 4045 1282 4117 Et'u
1298 4047 1451 4120 Hcldeu-

198 4160 203 4165 ’
282 4167 417 4262 pcdicltt
439 4191 502 4239 uus
525 4166 602 4238 dem
618 4169 771 4240 scctstcu
786 4167 1071 4240 temnuntur...
1097 4169 1260 4241 metrisclt
1274 4169 1450 4244 iibcrscttt.

288 4289 485 4379 Carlsruhe,
502 4290 597 4362 4782
613 4290 661 4386 (et
676 4288 796 4385 1818),
810 4291 855 4364 8⁰.

334 4415 373 4488 G.
390 4413 539 4487 Klemm.
555 4413 665 4485 tutto
688 4415 776 4486 noct
799 4414 861 4486 dor
877 4415 1082 4501 Gcsclticlttc,
1102 4415 1192 4508 Supc
1208 4415 1281 4487 uod
1296 4415 1453 4512 Lepcudc

283 4535 491 4631 durpcstottt.
510 4537 662 4633 Leipzig,
680 4538 787 4626 1827,
804 4538 838 4610 8⁰
855 4538 904 4634 (in
919 4538 1127 4632 germanicis
1142 4538 1380 4635 hexametris).
