3472 5648
737 556 1000 632 -tto-

263 704 382 813 rexit,
407 724 443 795 in
468 723 610 797 alterius
637 724 793 818 magistri
820 746 944 796 manus
965 723 1153 813 transiisse,
1177 723 1236 819 qui
1255 723 1340 797 alios
1356 725 1456 797 locos

281 846 405 943 glossis
419 847 562 936 auxerit,
579 844 664 918 alios
682 869 761 918 vero
777 869 864 943 quos
879 848 998 920 minus
1028 847 1245 944 intelligeret,
1266 847 1454 921 reduxerit.

329 970 430 1043 Hunc
449 970 596 1041 alterum
613 968 818 1065 magistrum
833 968 1047 1066 (quanquam
1066 970 1101 1041 in
1116 971 1180 1043 bac
1199 993 1236 1044 re
1252 970 1456 1067 conjectura

280 1089 400 1186 levior)
426 1091 583 1187 suspicor
607 1090 715 1163 fuisse
730 1089 906 1164 Victorem
931 1091 1030 1164 illum
1053 1115 1157 1188 quem
1180 1091 1287 1166 abbas
1309 1093 1454 1184 Kralob,

281 1227 464 1311 postquam
483 1214 515 1285 ei
533 1212 662 1285 diutius
676 1213 847 1310 gallenses
864 1214 998 1288 scholas
1015 1216 1257 1306 commisisset,
1271 1216 1454 1291 33311333-

283 1339 357 1412 bari
378 1339 494 1436 jussit.
512 1339 613 1411 Hunc
638 1337 731 1410 enim
763 1338 938 1413 Victorem
968 1340 1143 1414 neminem
1170 1341 1257 1438 sugit
1285 1340 1328 1414 ab
1361 1342 1473 1438 epis-·

284 1486 371 1560 copo
387 1463 639 1536 Erchambaldo
661 1484 731 1534 non
751 1462 866 1535 solum
887 1475 1028 1560 propter
1043 1487 1251 1554 aerumnam,
1272 1465 1455 1538 sedetiam

282 1600 425 1684 propter
456 1586 648 1675 scientiam,
679 1585 946 1680 Argentoratum
977 1589 1181 1661 arcessitum
1209 1612 1302 1680 esse,
1331 1589 1454 1686 ibique

282 1711 449 1787 docendis
465 1711 581 1808 pueris
602 1711 819 1806 praefectum3
836 1713 929 1785 unde
946 1713 1116 1808 liquidum
1136 1715 1212 1787 fieri
1232 1716 1368 1790 videtur
1387 1739 1454 1790 cur

287 1835 517 1910 Woltbort'om
546 1834 599 1906 ad.
633 1834 926 1908 Erchambaldum
952 1838 1086 1912 miserit
1116 1839 1281 1934 magister
1316 1841 1455 1914 schola·

281 1960 393 2033 larum
409 1957 589 2048 Geraldus,
605 1967 724 2053 utpote
735 1979 822 2055 opus
838 1961 930 2054 quod
947 1960 1073 2057 saepius
1085 1961 1202 2036 Victor
1213 1963 1454 2051 celebraverit,

281 2097 315 2159 et
330 2085 386 2158 cui
402 2080 628 2178 perpoliendo
649 2080 722 2176 ipse
741 2102 883 2177 operam
906 2082 1043 2155 dedisse
1064 2083 1231 2178 gloriatus
1246 2088 1363 2160 fuerit.
1380 2090 1456 2162 Cur

280 2231 351 2281 non
366 2204 591 2279 Ekkehardus
606 2203 740 2276 miserit
758 2227 798 2276 ex
812 2205 878 2277 hoc
895 2205 1040 2300 intelligi
1060 2219 1173 2303 potest
1192 2211 1283 2305 quod
1308 2233 1453 2284 carmen

281 2356 352 2405 non
370 2331 441 2428 jam
457 2329 550 2402 illius
566 2329 626 2402 sed
641 2329 793 2426 plurium
815 2328 994 2402 bominum
1017 2354 1116 2427 opus,
1134 2343 1179 2423 et,
1196 2342 1235 2405 ut
1255 2334 1301 2407 ita
1322 2335 1452 2426 dicam,

281 2453 432 2531 coenobii
455 2475 510 2524 res
536 2451 675 2547 propria
700 2452 788 2525 lacta
816 2465 900 2544 erat,
926 2453 985 2526 ubi
1010 2455 1126 2527 omnia
1150 2457 1348 2530 communia
1373 2481 1454 2532 esse

279 2579 438 2654 debeut¹.

328 2702 390 2776 His
415 2697 602 2797 explanatis
623 2697 695 2794 jam
727 2709 761 2770 et
784 2697 925 2771 alterins
952 2697 1045 2771 illins
1072 2700 1154 2772 nodi
1182 2701 1454 2798 explicationem

278 2826 446 2899 habemus
464 2822 523 2918 qui
544 2822 580 2894 in
601 2820 737 2894 duobus
758 2819 844 2894 locis
864 2820 954 2894 inter
978 2844 1015 2894 se
1036 2820 1313 2920 discrepantibus
1336 2826 1454 2898 conti-

279 2949 355 3021 neri
370 2945 525 3019 videtur:
545 2967 693 3040 quorum
709 2968 811 3034 unns,
832 2944 869 3016 in
885 2946 953 3018 fine
969 2945 1144 3037 carminis,
1156 2957 1333 3021 auctorem
1344 2947 1455 3022 etiam

279 3082 354 3144 tum
373 3068 700 3159 adolescentulum,
719 3069 804 3140 alter
819 3069 855 3140 in
870 3069 1025 3167 prolege,
1046 3093 1245 3167 quanquam
1260 3071 1380 3146 minus
1400 3072 1456 3146 in-

317 3299 341 3350 1.
356 3297 548 3349 Ercbambaldus
562 3293 618 3356 quis
627 3293 712 3357 luerit,
729 3291 819 3354 saepius
832 3290 957 3352 agitatum.
977 3292 1056 3355 Hujus
1077 3293 1140 3344 eninr
1164 3293 1269 3344 nominis
1291 3294 1377 3357 plures
1398 3295 1457 3347 sive

280 3377 417 3444 pontifices,
433 3376 485 3426 sire
507 3375 607 3424 abbates
628 3370 785 3421 exstiterunt.
808 3369 837 3419 lit
853 3371 904 3433 jam
924 3369 1065 3433 episcopum
1084 3371 1251 3424 Turonensem
1271 3372 1335 3424 31333
1356 3387 1382 3425 3.
1398 3378 1454 3426 989

279 3459 418 3521 degentem,
434 3451 679 3506 31133133131133
694 3463 717 3499 a.
734 3448 799 3498 1044
815 3446 951 3508 Burdigala
977 3449 1187 3514 arehiepiscopum
1214 3453 1306 3503 factum
1335 3446 1453 3520 (quibus,

281 3548 357 3598 quum
370 3535 396 3583 in
413 3532 489 3584 Gallia
502 3530 629 3595 degerent,
645 3527 707 3578 31111
723 3539 778 3577 cum
793 3526 917 3589 proposito
931 3530 1016 3578 nostro
1032 3541 1160 3580 commune
1174 3543 1229 3581 esse
1244 3525 1335 3595 potest)
1350 3533 1377 3582 et
1387 3532 1455 3584 alios

280 3614 362 3664 minus
377 3611 522 3672 conspicuos
536 3609 721 3672 3331333333,
736 3606 820 3656 floruit
832 3605 961 3669 llaguntiae
978 3607 1079 3659 ineunte
1096 3608 1130 3658 111
1143 3623 1163 3660 s.
1184 3607 1380 3660 1133133131133
1395 3611 1456 3673 qui-

280 3693 345 3758 dam,
363 3706 389 3743 a.
410 3688 488 3753 1911,
502 3690 559 3749 post
573 3685 691 3747 Willigem
701 3685 830 3748 episcopus
844 3687 934 3737 factus.
949 3685 993 3736 Hic
1006 3698 1063 3737 vero
1079 3687 1209 3749 quominus
1223 3690 1309 3739 noster
1323 3687 1457 3740 31133133-

279 3772 352 3831 gatur
361 3781 440 3819 aevum
453 3767 534 3828 ipsum
550 3779 598 3828 quo
611 3766 723 3825 degebat.
739 3763 835 3815 Geraldi
850 3762 1042 3815 Ercbambaldus
1051 3778 1123 3816 nemo
1133 3766 1196 3817 alius
1206 3779 1262 3818 esse
1275 3769 1359 3830 potest
1375 3781 1456 3831 quam

280 3847 426 3909 argentinus
444 3845 495 3908 1113,
523 3843 564 3905 qui
590 3856 612 3892 a.
633 3844 682 3892 937
709 3844 752 3893 aut
768 3844 818 3894 938
834 3839 987 3902 Argentorati
1000 3845 1083 3908 natus,
1104 3857 1128 3895 3.
1147 3847 1196 3896 965
1223 3845 1352 3909 episcopus
1368 3847 1458 3899 factus

280 3931 318 3976 est
332 3928 389 3976 eta.
407 3924 456 3975 991
472 3921 540 3971 obiit.
555 3919 617 3982 Ergo
632 3922 718 3971 eodem
731 3924 842 3983 tempore
858 3921 980 3984 vixitque
995 3919 1114 3973 deroldus
1129 3925 1155 3973 et
1167 3921 1327 3976 Elkehardus
1338 3926 1453 3988 primus.

280 4004 315 4056 Gt.
330 4006 401 4053 Mon.
419 4003 520 4057 Germ..
538 3998 565 4065 ll,
586 3998 765 4048 1133333131
781 4013 807 4048 3.
824 3998 924 4066 Holder,
940 4013 965 4062 p.
984 4001 1032 4048 133
1053 4012 1103 4068 sq,
1124 4002 1170 4051 136
1192 4015 1230 4064 sq.
1247 4002 1391 4072 Scboepdin,
1409 4007 1459 4057 Al-

278 4081 467 4142 satdtplona,
493 4079 511 4145 1,
539 4079 598 4143 154,
624 4078 682 4142 159,
707 4078 766 4143 159,
790 4077 850 4128 tor.
873 4076 981 4145 dlrdrer,
1004 4079 1143 4142 Gregorius
1173 4083 1231 4146 VII,
1248 4081 1297 4149 llll,
1328 4097 1353 4146 p.
1380 4087 1452 4139 260.

279 4159 450 4224 Wimpheling,
467 4158 607 4219 delatoque
628 4160 742 4220 episcop.
761 4159 909 4220 Argenteo„
930 4170 955 4220 p.
979 4159 1022 4207 37.
1042 4155 1131 4209 b'abbe
1151 4157 1305 4229 Grandidier‚
1327 4164 1399 4213 Hist.
1420 4165 1460 4214 dc

279 4224 775 4300 31133333331313333-3333333
790 4237 959 4299 9133313333,
975 4237 1018 4288 111.
1036 4235 1085 4304 llll,
1102 4240 1121 4288 t.
1139 4237 1156 4287 1.
1176 4237 1280 4306 Colman,
1302 4242 1379 4291 1865.
1395 4239 1461 4294 Gar·

281 4316 347 4368 mina
361 4317 473 4379 quaedam
487 4315 517 4364 ab
533 4313 708 4365 Ercbambaldo
724 4315 1262 4385 333333113131333318313113131131133,
1280 4332 1305 4381 p.
1324 4321 1374 4371 137
1392 4333 1436 4385 sq.

317 4415 345 4465 2.
493 4411 550 4461 llaec
564 4410 711 4474 quicumque
724 4413 793 4474 leges
806 4413 920 4463 stridenti
936 4412 1035 4494 ignosce
1051 4413 1149 4474 cicadae,

494 4488 631 4538 llaucellam
645 4501 691 4539 nec
705 4491 785 4540 adhuc
800 4503 884 4541 rocem
897 4493 1030 4552 perpende,
1043 4493 1086 4542 sed
1101 4503 1180 4543 aevum

495 4565 582 4629 lltpote
597 4579 652 4630 quae
664 4568 728 4620 nidis
741 4572 849 4622 nondum
863 4571 924 4633 petit
938 4571 988 4622 alto
1003 4571 1095 4623 relictis
1109 4567 1144 4640 lv.
1165 4567 1301 4640 1453-51).
