3472 5648
752 541 967 612 ..8-

278 705 471 782 certissimo
499 719 704 800 argumento
733 718 815 780 sunt
843 705 1021 780 nonnullis
1046 705 1221 803 quondam
1247 708 1445 805 rhapsodiis

277 829 509 905 Waltharium
527 828 740 903 celebratum
760 829 876 903 luisse.
895 829 1009 927 Atque
1025 828 1226 926 hujusmodi
1250 831 1447 905 carminum

278 953 481 1028 brevissima
498 953 641 1049 quidem
660 954 718 1026 sed
736 953 987 1050 pretiosissima
1014 954 1208 1050 fragmenta
1232 955 1274 1027 ad
1291 976 1356 1029 nos
1368 978 1449 1052 per-

279 1087 446 1150 venerunt
460 1075 541 1165 duc,
559 1097 708 1172 quorum
726 1098 837 1148 unum
852 1073 895 1148 ad
910 1074 1218 1172 anglosaxonicum
1235 1078 1410 1175 quoddam
1424 1078 1447 1171 ¹,

278 1201 427 1274 alterum
442 1200 485 1272 ad
505 1199 745 1294 germanicum
764 1219 886 1296 poema
897 1199 908 1232 ⁹
921 1199 1000 1273 Xlll
1018 1222 1045 1273 s,
1067 1200 1237 1298 scriptum
1252 1201 1414 1298 pertinet.

327 1323 603 1421 Rhapsodiarum
622 1345 704 1396 vero
724 1323 863 1396 illarum
886 1323 1084 1421 complures
1106 1324 1234 1426 formas
1255 1338 1291 1399 et
1312 1326 1447 1424 species

279 1449 448 1522 exstitisse
462 1447 535 1544 jam
551 1470 591 1521 ex
608 1447 675 1520 hoc
690 1445 898 1520 concludere
913 1457 1023 1542 potes,
1039 1447 1132 1543 qnod
1147 1446 1183 1520 in
1199 1450 1351 1524 carmine
1366 1472 1447 1524 nos·
1523 1520 1527 1530 .

278 1587 332 1648 tro
351 1571 570 1668 singulorum
584 1571 731 1644 heroum
745 1568 947 1643 nominibus
959 1569 1144 1666 (sodalium
1155 1594 1280 1669 nempe
1292 1572 1446 1647 Guntha·

277 1696 335 1792 rii)
360 1693 569 1792 cognomina
590 1693 749 1789 quaedam
776 1691 999 1788 adjiciuntur,
1020 1693 1147 1789 quihus
1165 1694 1209 1768 ab
1236 1695 1311 1770 aliis
1333 1697 1447 1793 poetis

278 1818 478 1915 designatos
493 1815 600 1889 luisse
615 1826 734 1888 noster
748 1815 854 1888 refert
863 1814 887 1888 ³.

326 1942 448 2039 Neque
468 1940 599 2014 diutius
622 1938 746 2017 tabulae
766 1937 832 2010 illae
851 1936 1098 2011 Waltharianae
1119 1962 1137 2012 a
1163 1939 1289 2015 ceteris
1310 1962 1447 2044 germa-

279 2067 350 2142 nici
379 2065 466 2162 cycli
491 2064 618 2138 sabulis
641 2074 783 2138 secretae
806 2072 1035 2154 manserunt3
1057 2065 1118 2137 sed
1142 2065 1323 2161 mox'(hoc
1351 2067 1449 2139 enim

279 2191 382 2265 modo
398 2188 577 2263 informari
597 2188 709 2262 solent
723 2185 884 2284 mythicae
898 2185 1129 2282 tabulaelcum
1143 2186 1288 2270 diversis
1302 2189 1379 2262 aliis
1398 2188 1445 2264 ita

280 2316 476 2412 conjuncte
493 2314 634 2387 luerunt
650 2323 689 2386 ut
708 2312 745 2384 in
762 2334 870 2384 unum
886 2311 1124 2386 coalescerent
1141 2335 1279 2410 corpus,
1301 2366 1304 2372 ·

329 2439 387 2513 Sic
401 2438 438 2511 in
457 2437 611 2512 carmine
634 2434 852 2531 Nibclcnqeo
873 2434 966 2508 dicto
985 2435 1169 2509 Waltharii
1190 2447 1224 2510 et
1246 2437 1447 2534 Hiltgundis

280 2565 309 2638 si
329 2586 401 2638 non
424 2562 508 2660 ipsis
527 2560 695 2658 personis,
712 2557 913 2632 nominibus
932 2557 1054 2632 saltem
1069 2559 1195 2656 saepius
1209 2561 1446 2652 occurrimus;

281 2688 482 2786 frequenter
494 2706 633 2783 quoque
646 2683 777 2757 mentio
792 2683 832 2755 tit
845 2683 888 2756 de
903 2683 1085 2780 utriusque
1102 2694 1137 2757 et
1153 2686 1353 2780 Haganonis
1369 2687 1442 2761 exi·

280 2811 327 2886 lio
345 2812 381 2884 in
396 2811 474 2884 aula
489 2808 613 2883 Attilae.

282 2970 492 2982 ----..---

317 3029 342 3095 1.
358 3045 415 3094 Two
427 3043 517 3094 leones
530 3042 562 3106 os
573 3045 642 3106 Ktnq
660 3038 805 3092 Woldcre'r
824 3043 888 3104 tay,
909 3054 927 3090 a
946 3039 1060 3088 hitherto
1077 3040 1209 3090 unknown
1228 3041 1376 3106 oldenqltsh
1391 3049 1451 3108 epto

280 3122 312 3186 os
323 3123 366 3172 the
380 3122 467 3186 etohth
481 3125 599 3186 century,
615 3122 754 3183 helonqr'hq
768 3123 794 3169 to
808 3119 852 3169 the
865 3119 1022 3181 scoacyctur
1039 3120 1108 3181 Kiho
1122 3119 1244 3171 lhecdre'c
1254 3121 1312 3172 and
1321 3122 1363 3172 his
1375 3136 1452 3175 men.

279 3228 316 3236 -
330 3203 391 3251 Now
407 3202 471 3267 first
489 3199 633 3264 publishcd
650 3199 728 3262 from
742 3199 785 3249 the
797 3197 926 3260 ortamota
939 3196 971 3260 ⁰s
982 3197 1026 3246 the
1045 3194 1085 3248 01ΙΙ
1103 3200 1212 3263 century
1229 3201 1262 3264 hy
1280 3203 1377 3265 Georqe
1390 3205 1451 3253 Ste-

276 3282 373 3345 1101111,
388 3282 447 3344 itaq.
465 3280 687 3343 thccpththocn
700 3278 757 3329 and
769 3277 879 3326 Lcndon
895 3277 972 3328 1880.
989 3279 1026 3327 8⁰.
1038 3304 1074 3312 -
1089 3275 1154 3329 Folia
1171 3279 1197 3329 iu
1212 3280 1301 3344 quibus
1317 3283 1369 3332 hacc
1384 3284 1454 3345 nag-

280 3363 363 3410 menta
376 3363 476 3412 exarata
494 3362 553 3411 sunt
573 3360 666 3423 primus
687 3359 752 3421 pror.
777 3355 903 3420 werlaon,
919 3355 1171 3418 Kjoeoennamiensis
1185 3359 1340 3411 bibliothece
1353 3363 1451 3429 custos,

281 3439 375 3490 invenit
385 3454 391 3501 ;
403 3440 429 3490 in
443 3441 554 3503 catalogo
567 3440 677 3491 numeris
692 3435 755 3490 167δ
770 3436 799 3486 4⁰
812 3437 908 3498 signata
918 3437 985 3487 sunt.

317 3516 354 3568 01.
370 3517 521 3586 llullcnlrotf,
537 3516 651 3586 Haupt'r
665 3516 821 3580 zeitschrift
834 3515 886 3583 xll,
903 3515 1030 3568 064-279.
1047 3541 1083 3550 -
1097 3515 1150 3566 llar
1162 3516 1259 3585 llieger,
1271 3521 1313 3570 Att
1328 3520 1387 3570 aad
1399 3535 1452 3572 ah·

166 3627 170 3635 .
280 3596 485 3659 oetsdclntrchcr
507 3598 647 3661 Leocharen,
674 3597 792 3658 torrede,
817 3608 841 3658 p.
864 3606 997 3646 111111-11111.
1013 3619 1048 3628 -
1063 3593 1131 3648 Clu(
1145 3595 1183 3646 W.
1208 3594 1239 3648 M.
1267 3595 1359 3650 Greln:
1375 3601 1452 3648 'Beo-

280 3674 351 3738 wols
359 3677 435 3726 achat
449 3677 503 3727 den
515 3678 695 3740 &comenten
706 3676 860 3737 Fihnrhurq
871 3672 929 3724 cod
942 3673 1063 3725 Vcldcrc.
1077 3673 1159 3725 Cassel
1173 3677 1199 3725 et
1213 3673 1353 3743 (tettingen,
1362 3666 1449 3731 1867.

280 3753 426 3816 —Sophus
444 3754 536 3820 Bugge,
558 3755 670 3819 Spredtc
687 3754 860 3816 taotthetser
873 3752 1082 3804 redhommcnde
1094 3753 1129 3804 dc
1151 3753 1392 3819 oldenyetrhedtote
1406 3771 1451 3808 om

281 3831 403 3896 Bedwuts
413 3847 444 3896 cy
463 3833 595 3897 Waldcre,
611 3837 640 3882 hc
663 3849 673 3877 o
692 3831 822 3894 Ttdrhrr'st
831 3830 880 3894 sor
901 3831 1031 3894 Philoloqt
1051 3845 1083 3895 oq
1101 3832 1450 3905 Poedcooqihlllll‚'12·78,

283 3915 434 3963 305-301».
451 3911 608 3964 Excudemnt
622 3912 682 3963 etin
694 3911 858 3972 germanicam
869 3911 976 3973 linguam
985 3912 1168 3964 transtulerunt
1178 3913 1230 3962 haec
1239 3914 1377 3974 fragmenta
1386 3915 1408 3968 J.
1421 3916 1450 3969 V.

281 3989 387 4042 Schelle}
403 3993 428 4042 et
441 3989 468 4042 A.
485 3991 586 4059 Holder,
607 3991 781 4054 waltharius,
799 4004 823 4054 p.
841 3990 890 4042 170
907 3992 1001 4053 etseq.

300 4092 342 4140 ’2.
356 4090 500 4152 lhaomcnt
510 4093 583 4139 ethes
596 4087 903 4139 mtttclhochdentcchen
919 4087 1066 4152 Gedtchtea,
1089 4089 1247 4151 mttqcthcttt
1265 4105 1318 4140 oon
1340 4091 1384 4144 Th.
1406 4093 1451 4144 Gr.

279 4180 306 4217 c.
322 4168 468 4231 Korojao:
486 4185 497 4213 ι
511 4169 560 4219 der
573 4167 766 4230 Schctzyrh'hcr
773 4165 829 4228 scir
841 4168 926 4216 dltere
939 4167 1066 4216 deutsche
1079 4170 1223 4218 deteratur.
1241 4186 1251 4214 1
1274 4168 1379 4237 Leipzig,
1397 4170 1454 4222 Otto

280 4243 390 4313 wimod,
408 4247 485 4299 1812.
505 4245 550 4308 (Gt.
571 4242 843 4308 Frhhttnqcoobesttr
855 4244 979 4294 Freundc
996 4246 1096 4295 ottercr
1109 4248 1255 4300 deteratur.
1267 4247 1344 4311 Wieu,
1363 4249 1448 4312 1839.)

281 4321 426 4393 San-Marte,
442 4327 552 4389 Bellone
565 4325 603 4393 lv,
619 4326 705 4376 eadem
723 4326 860 4386 fragmenta
874 4326 955 4376 denuo
969 4325 1053 4376 edidit.

317 4415 342 4464 3.
359 4411 432 4465 Filius
446 4415 524 4477 ipsius
538 4412 608 4465 Kuno
621 4412 764 4476 cognomine
779 4413 862 4463 fratris

361 4493 436 4552 Quem
450 4494 561 4544 referunt
575 4493 674 4556 quidam
689 4490 880 4542 Scammundum
894 4489 992 4542 nomine
1008 4489 1100 4543 dictum
1118 4489 1169 4559 (vv.
1186 4497 1246 4562 687,
1265 4492 1342 4556 688).

362 4572 443 4622 Nonus
457 4570 557 4623 Eleutcr
570 4574 623 4622 erat
637 4571 757 4622 Helmnod
772 4570 916 4632 cognomine
932 4571 1012 4622 dictus
1029 4567 1063 4634 (v.
1084 4569 1173 4637 1008).
