3472 5648
740 584 983 657 ..33-

279 750 408 824 traduit
434 752 477 825 de
505 751 711 841 l’allemand,
739 764 772 825 et
794 776 873 826 sans
898 753 1003 825 deute
1033 752 1116 826 d’un
1144 755 1187 826 de
1212 775 1270 826 ces
1303 755 1444 849 poemes

280 878 410 949 memes
433 887 662 973 appartenant
691 900 735 949 au
768 862 860 974 cycie
889 876 949 950 des
971 875 1190 973 Ntbetccqen
1216 875 1363 972 qu'arait
1385 877 1466 951 fait

282 999 490 1075 rassembler
506 1001 764 1097 Charlemagne.
785 1027 802 1071 r>

329 1125 450 1222 Neque
474 1126 617 1199 unicum
643 1124 745 1200 nobis
773 1125 810 1197 in
834 1123 1025 1198 Wcltltnrt'c
1050 1125 1244 1222 exemplum
1271 1124 1446 1223 praebetur

283 1251 449 1346 poematis
477 1276 495 1326 e
520 1251 649 1349 vulgari
680 1273 839 1325 sermone
863 1249 899 1321 in
923 1249 1048 1324 latinos
1071 1273 1190 1326 versus
1215 1250 1383 1324 translati.
1407 1252 1447 1324 In

283 1377 405 1450 eodem
427 1376 532 1467 libre,
555 1399 623 1473 que
655 1374 897 1460 Waltlrarc'um,
924 1374 1032 1448 edidit
1047 1373 1180 1448 Grimm
1207 1376 1275 1449 duo
1292 1376 1356 1448 alia
1372 1398 1446 1449 car·

283 1500 375 1572 mina
395 1498 562 1573 Rccdlieb
581 1509 615 1572 et
632 1497 790 1585 Ecbcsin,
807 1520 894 1594 quae,
911 1507 949 1570 ut
969 1497 1043 1594 ipse
1062 1498 1322 1590 demonstravit,
1348 1509 1448 1572 antea

284 1625 482 1721 germanica
511 1624 629 1722 lingua
664 1623 789 1720 scripta
825 1623 972 1696 fuerant.
1005 1622 1161 1696 Pertzius
1186 1622 1291 1721 (Mon.
1318 1623 1444 1711 Germ„

286 1749 343 1838 ΙΙΙ,
366 1746 544 1842 708-710)
563 1747 796 1844 fragmentum
816 1745 914 1819 latini
938 1746 1118 1844 cujusdam
1143 1748 1305 1822 carminis
1326 1747 1450 1822 excudi

283 1871 399 1968 jussit,
432 1871 522 1946 bella
552 1871 664 1947 Caroli
692 1882 812 1946 contra
841 1871 1031 1946 Saracenos
1060 1870 1280 1964 celebrantis
1313 1881 1347 1946 et
1376 1871 1452 1946 sine

287 1996 430 2070 dubioe
453 1995 624 2070 cantilena
650 1997 797 2092 quadam
817 1994 950 2093 vulgari
971 1995 1147 2085 translati;
1171 2007 1348 2069 auctorem
1366 2018 1451 2092 poe·

288 2120 388 2194 matis
408 2121 458 2194 De
477 2120 662 2193 traditione
676 2119 849 2206 Guecoms
864 2141 1004 2193 carmen
1022 2145 1039 2188 n
1057 2120 1218 2194 Chanson
1229 2118 1271 2192 de
1282 2118 1448 2194 Rolandn
1503 2178 1506 2185 .

288 2243 495 2340 inscriptum
535 2242 706 2315 imitatum
740 2265 815 2316 esse
849 2240 974 2315 Michel
993 2241 1018 2280 ¹·
1039 2241 1255 2338 apertissime
1281 2242 1452 2334 ostendit;

290 2378 404 2463 atque,
425 2377 465 2438 ut
475 2365 548 2464 jam
570 2366 774 2440 recentioris
786 2366 849 2440 aevi
871 2366 1076 2462 exemplum,
1096 2389 1115 2438 e
1142 2366 1349 2461 germanicis
1379 2366 1454 2464 qui·

292 2491 372 2565 dem
394 2488 517 2563 litteris
545 2489 741 2581 collectum,
757 2490 952 2582 afferamus,
973 2490 1173 2564 Lachmann
1193 2492 1236 2564 de
1262 2493 1455 2586 fragmento

292 2615 391 2690 latini
415 2613 642 2702 Witletclmc',
670 2638 689 2688 e
715 2616 913 2711 germanico
946 2614 1162 2691 Willeltclmo
1191 2617 1371 2690 Wclsranri
1390 2639 1456 2690 von
1487 2701 1488 2704 Ἴ

293 2741 520 2815 Eschenbach
550 2742 715 2814 translato
731 2739 832 2814 verba
848 2738 962 2814 sacit².

293 2901 502 2908 2—-.-.—.—--

333 2981 355 3030 Ι.
374 2981 412 3029 La
427 2979 548 3028 Clearetae
561 2978 596 3027 de
609 2979 721 3039 Rotcrtd,
738 2992 761 3041 p.
777 2980 828 3030 228
847 2990 885 3039 sq.

330 3080 354 3128 2.
372 3074 407 3126 Gt.
426 3077 474 3142 ed.⁷
491 3089 513 3138 p.
525 3091 574 3127 xnu
592 3089 628 3138 sq.
645 3075 682 3127 Gt.
699 3074 725 3127 ΙΙ.
740 3074 817 3141 Paris,
834 3075 852 3126 t.
867 3087 899 3136 c,
917 3089 940 3138 p.
958 3078 998 3126 50.
