3472 5648
671 545 911 619 ..97-

209 711 253 784 sit
277 721 407 800 noster,
436 722 469 784 et
495 712 568 808 jam
595 722 709 802 antea,
724 710 761 782 in
789 708 1014 782 austrasianis
1038 708 1268 806 scriptoribus
1298 732 1373 782 ma-

114 827 118 836 “
207 855 274 930 gna
305 833 490 907 auctoritas
522 832 677 930 opinioni
705 831 919 916 accessisset,
940 831 1157 904 Francorum
1188 841 1327 925 gentem
1354 853 1372 903 a

207 956 308 1052 Troja
324 955 495 1052 originem
515 956 642 1028 ducere
654 955 676 1027 ¹.
694 953 860 1027 Similiter
874 978 906 1025 v.
926 954 995 1026 795
1013 954 1246 1026 Ewurhardus
1274 952 1372 1051 (alias

207 1077 475 1175 Werinhardus)
496 1080 629 1172 «longa
648 1079 754 1174 stirpe
770 1088 964 1174 nepotum»
981 1101 1000 1149 a
1015 1079 1173 1151 Pandaro
1188 1088 1374 1174 generatus

209 1225 283 1275 esse
302 1202 423 1290 fertur,
438 1200 617 1297 virgiliano
641 1201 700 1274 illo
718 1202 835 1289 heroe,
851 1201 894 1274 de
912 1224 981 1297 quo
1000 1200 1036 1273 in
1054 1201 1214 1289 AEnet‘de,
1233 1203 1273 1292 V,
1289 1202 1372 1292 196,
1445 1218 1449 1229 ·

208 1325 292 1414 497,
312 1323 351 1396 fit
365 1322 505 1396 mentio.

256 1426 440 1520 Certamen
457 1466 537 1518 vero
555 1445 669 1542 ipsum
694 1445 729 1517 in
744 1446 878 1541 Vosago
902 1457 1020 1520 monte
1038 1447 1278 1536 committitur,
1302 1446 1372 1542 qui,

209 1597 318 1670 quum
336 1595 359 1645 a.
373 1582 491 1646 nostro
511 1585 611 1667 poeta
626 1581 745 1668 utpote
762 1573 898 1645 «lustra
917 1573 1068 1646 serarum
1079 1572 1228 1669 plurima
1242 1571 1375 1645 habens

210 1707 244 1769 et
267 1705 386 1769 suetus
410 1695 555 1768 canibus
583 1716 746 1768 resonare
771 1695 978 1791 tubisque»,
1008 1705 1083 1767 tum
1111 1693 1327 1791 frequentius
1355 1716 1373 1766 a

210 1819 438 1916 scriptoribus
454 1817 581 1891 francis
596 1828 737 1914 propter
752 1818 904 1892 serarum
919 1820 1055 1915 copiam
1065 1819 1236 1907 laudatur,
1255 1817 1374 1913 quade

210 1965 311 2016 causa
330 1942 471 2038 regibus
491 1941 620 2014 francis
637 1952 717 2014 ante
736 1964 858 2014 omnes
880 1940 1027 2016 dilectus
1051 1952 1134 2016 erat.
1162 1943 1202 2014 ln
1224 1963 1290 2037 qua
1315 1964 1369 2013 au·

208 2075 278 2140 tem
297 2075 393 2161 parte
414 2063 540 2159 Vosagi
558 2063 717 2160 praelium
735 2063 960 2138 commissum
985 2066 1098 2156 luerit,
1125 2065 1215 2138 inira
1237 2087 1375 2139 accura-

209 2188 278 2262 tius
299 2187 545 2284 perpendetur.

258 2311 378 2407 Neque
405 2311 448 2383 ad
472 2309 750 2384 constituendam
768 2309 939 2404 originem
953 2311 1078 2386 fabulae
1104 2322 1232 2386 nostrae
1247 2311 1375 2383 minori

209 2433 410 2530 adjumento
426 2446 508 2507 sunt
522 2456 636 2506 mores
649 2434 810 2522 heroum3
823 2447 925 2530 atque
936 2436 1082 2532 hujusce
1093 2437 1187 2510 modi
1203 2434 1375 2531 exemplo-

210 2581 288 2629 rum
302 2558 458 2652 undique
475 2568 546 2629 tam
571 2557 741 2629 immensa
761 2557 902 2653 quidem
922 2559 973 2631 vis
1000 2560 1165 2649 occurrit,
1186 2557 1301 2655 utqui
1323 2569 1375 2630 est

210 2679 245 2750 in
269 2679 506 2776 antiquiorum
526 2681 733 2753 saeculorum
756 2680 860 2753 rebus
885 2681 1106 2777 exquirendis
1128 2682 1310 2770 curiosior,
1338 2680 1373 2752 in

210 2813 329 2876 nostro
346 2803 499 2874 carmine
515 2801 756 2875 inexhaustum
768 2802 840 2875 lerc
859 2803 991 2876 iontem
1011 2798 1300 2877 documentorum
1322 2826 1374 2875 rc·

210 2924 352 3024 periat².

259 3049 389 3120 Heroes
425 3047 535 3121 nostri
567 3049 783 3122 Francorum
813 3072 911 3122 more
944 3049 1121 3146 pugnandi
1146 3059 1304 3138 utuntur,
1337 3059 1375 3119 ut

209 3170 366 3244 versibus
398 3171 482 3261 918,
506 3174 578 3246 919
602 3172 795 3247 indicatur:

354 3374 441 3435 Venit
457 3379 486 3435 et
496 3373 654 3454 ancipitem
671 3373 792 3436 vibravit
806 3374 837 3434 in
852 3393 902 3435 ora
918 3374 1110 3456 bipennem³3

355 3471 443 3532 istius
458 3489 528 3548 crgo
544 3471 623 3534 modi
638 3471 759 3532 Francis
775 3480 844 3532 tunc
859 3488 939 3532 arma
956 3471 1051 3532 luere.

214 3622 419 3631 ---.-,..

247 3701 270 3750 1.
282 3701 308 3750 ln
322 3700 436 3761 sepulcro
450 3698 579 3767 Rodtiraid,
599 3699 656 3750 tiliae
670 3698 756 3766 Pipini,
769 3700 794 3749 ni
809 3712 896 3750 versus
908 3699 1020 3762 inscripti
1034 3701 1105 3750 sunt:

456 3828 598 3881 lstahavus
613 3829 717 3880 Anchise
732 3833 828 3896 potens,
843 3830 886 3892 qui
899 3830 967 3880 ducit
980 3831 1010 3880 ab
1026 3829 1069 3880 illo

456 3909 559 3973 Trojano
575 3908 680 3960 Anchisa
697 3911 768 3970 longo
782 3913 837 3970 post
856 3913 967 3972 tempore
988 3922 1088 3960 nomen.

243 4048 321 4112 Perta,
337 4053 409 4101 Mon.
427 4052 514 4102 Germ.
538 4051 609 4112 laist,
626 4049 656 4116 ΙΙ,
682 4051 742 4099 265.
767 4049 846 4098 Paccii
872 4047 1039 4110 Waroefrtdi
1060 4050 1139 4099 Gesta
1159 4049 1246 4109 Eptsc.
1263 4041 1376 4100 Metten-

206 4134 278 4179 stam
286 4145 295 4190 ;
311 4133 335 4180 et
349 4130 409 4180 ibid.
423 4147 430 4180 :
447 4130 528 4181 «Nam
542 4141 602 4190 gens
616 4128 773 4195 Francorum,
799 4129 863 4179 sicut
876 4142 890 4178 a
904 4129 1029 4178 veteribus
1044 4131 1082 4178 est
1096 4129 1226 4192 traditum,
1242 4142 1256 4178 a
1271 4128 1375 4193 Trojano

207 4208 320 4271 prosapia
333 4209 410 4259 trahit
422 4210 558 4260 exordium.
577 4225 587 4252 n

243 4308 268 4355 ‘.‘.
285 4302 322 4355 m:
337 4303 436 4372 Grimm‚
458 4306 632 4368 Woitirorius,
650 4309 681 4356 72
696 4318 735 4366 sq.
752 4329 787 4338 -
802 4303 951 4372 San-llarte,
967 4317 991 4366 p.
1012 4303 1057 4354 131
1077 4317 1115 4366 sq.
1224 4357 1228 4363 ,

243 4405 268 4452 3.
284 4399 361 4464 Apud.
384 4403 434 4452 Sid.
458 4401 620 4468 Apollinarem
638 4419 648 4446 r
666 4414 766 4452 secures
790 4402 898 4452 nussiles
915 4419 947 4467 »3
977 4401 1007 4451 de
1031 4400 1118 4451 iisdem
1141 4402 1289 4452 mentionem
1315 4402 1375 4452 lacit

207 4479 337 4541 Gregorius
352 4482 509 4533 Turonensis.
527 4483 605 4545 liujus
623 4482 720 4543 generis
738 4494 861 4532 armorum
876 4482 993 4542 imagines
1012 4481 1089 4530 hahes
1107 4481 1172 4544 apud
1191 4479 1285 4546 Daniel,
1303 4481 1371 4530 Hirt.
1464 4485 1467 4489 '

207 4559 240 4609 de
253 4561 282 4610 lo
295 4561 539 4626 miticesrartqoise,
557 4561 633 4627 Paris,
652 4563 728 4626 1721,
744 4565 762 4611 t.
773 4560 792 4625 1,
808 4574 832 4623 p.
849 4561 876 4625 t,
888 4561 928 4620 fig.
943 4562 968 4610 2.
987 4557 1023 4609 ct.
1044 4559 1191 4627 San-Marte,
1207 4574 1232 4625 p.
1250 4559 1308 4610 149.
