3472 5648
753 570 992 652 ÷20—

287 760 392 833 quarn
412 735 589 809 advenerit
606 734 681 807 dies
699 733 756 806 illa
778 757 940 830 suprema
964 735 1165 830 Ragnarotr
1187 746 1315 825 vocata,
1344 735 1379 807 id
1401 745 1454 808 est

284 859 458 957 judicium
473 859 617 932 deorum
629 860 654 932 ¹.

303 1034 306 1039 -
338 981 504 1055 Similiter
517 983 553 1055 in
568 992 688 1055 nostro
712 982 819 1056 latino
845 983 997 1057 carmine
1016 982 1241 1079 Hiltgundem
1265 992 1345 1079 post
1363 1005 1452 1079 prae·

286 1107 372 1180 lium
387 1128 450 1203 pro
467 1105 578 1203 capite
589 1105 772 1180 Waltharii
788 1107 985 1202 vigilantem
1000 1107 1166 1198 videmus,
1177 1117 1211 1179 et
1230 1133 1247 1175 «
1263 1105 1452 1179 dormitan-

287 1242 339 1304 tes
365 1231 493 1304 ocellos
518 1240 621 1303 cantu
644 1231 936 1327 patefacientcmn
964 1231 1007 1325 (v.
1035 1229 1156 1326 1181).
1179 1230 1253 1303 Etsi
1274 1253 1354 1303 vero
1380 1231 1453 1326 ipsa

287 1365 442 1429 mortuos
467 1377 537 1427 non
556 1354 600 1426 ad
622 1354 726 1426 vitam
745 1365 893 1449 revocat,
914 1354 1101 1449 imaginem
1123 1363 1238 1426 tamen
1267 1352 1453 1449 qnamdam

263 1460 392 1552 ⁴habes
408 1478 648 1553 obscuriorem
664 1478 931 1553 resurrectionis
956 1477 1049 1551 illius
1069 1480 1105 1551 in
1131 1500 1276 1573 persona
1298 1477 1452 1551 Waltha-

285 1603 327 1675 rii
350 1604 483 1676 truncis
504 1604 656 1678 hostium
681 1602 792 1700 capita
816 1602 1022 1699 applicantis
1045 1613 1079 1676 et
1097 1601 1286 1676 Dominum
1305 1624 1451 1699 precan-

285 1727 340 1818 tis,
360 1736 417 1799 ut:

431 1945 535 2009 Hosio
553 1945 666 2008 coelesti
680 1950 801 2026 praestet
814 1945 870 2006 sibi
886 1945 957 2007 6616
972 1944 1065 2006 videri
1081 1945 1120 2023 (r.
1136 1945 1236 2024 1158).

333 2165 466 2238 Eadem
486 2179 646 2240 narratur
671 2167 814 2241 historia
837 2167 928 2262 apud
947 2169 1117 2241 Saxonem
1146 2166 1451 2256 Grammaticum²‚

285 2302 350 2363 nec
374 2301 490 2364 tamen
515 2290 703 2364 immutatis
730 2290 849 2382 rebus;
878 2291 969 2364 ultro
1000 2291 1093 2366 enim
1126 2291 1282 2386 Ho'ginus
1307 2291 1452 2365 Hithino

286 2413 392 2485 filiam
416 2412 628 2509 despondet3
656 2413 839 2486 amborum
859 2436 937 2487 vero
963 2412 1143 2486 inimicitia
1165 2435 1205 2484 ex
1228 2435 1268 2486 eo
1295 2411 1452 2485 nascitur

284 2535 376 2631 quod
404 2535 567 2608 Hithinus
582 2536 740 2630 arguitur
753 2547 832 2609 ante
851 2534 990 2633 nuptias
1013 2557 1149 2632 sponsae
1164 2534 1367 2630 pudicitiam
1383 2534 1452 2607 eri·

282 2658 410 2755 puisse.
436 2658 555 2754 Neque
575 2658 610 2731 id
633 2659 726 2755 parri
744 2660 911 2733 momenti
930 2671 999 2733 est:
1024 2657 1202 2755 virginitas
1226 2659 1319 2730 enim
1337 2657 1451 2756 prima

281 2780 335 2852 lex
368 2791 442 2853 erat
468 2781 637 2878 Valliyriis
670 2781 760 2856 sicut
788 2782 997 2856 vestalibus:
1029 2793 1238 2878 quapropter
1271 2781 1307 2853 in
1340 2781 1449 2855 latino

281 2905 433 2977 carmine
448 2904 608 2977 laudatur
625 2905 848 2994 Waltharius,
868 2904 960 3000 quod
977 2928 996 2977 a
1013 2904 1128 3000 puella
1144 2903 1319 2978 abstinuit.
1506 2890 1508 2895 ⁴

329 3027 368 3098 ln
406 3025 625 3119 Villct'oesopu
659 3026 727 3100 imo
762 3028 857 3122 (cap.
890 3025 1108 3122 tou-at8)³
1138 3026 1300 3117 Herbort,
1329 3037 1451 3123 raptor

281 3149 415 3246 puellae,
439 3150 512 3245 jam
535 3171 606 3221 non
623 3150 782 3244 arguitur
801 3173 842 3222 ex
865 3173 991 3246 sponsa
1008 3173 1150 3224 uxorem
1165 3151 1300 3241 secisse,
1317 3151 1379 3224 661
1398 3152 1415 3223 1
1433 3193 1448 3206 -

252 3343 254 3348 .
279 3274 368 3347 61666
382 3273 456 3370 ipse
472 3273 697 3368 segloriatur,
713 3273 807 3369 quod
824 3273 937 3346 scelus
948 3273 1296 3369 insequenteshostes
1312 3273 1343 3346 ei
1355 3299 1450 3350 acer·

279 3395 432 3470 bissimis
451 3395 616 3471 conviciis
633 3396 874 3494 exprobrant⁴.
896 3397 961 3470 Hic
977 3395 1127 3471 Herbort
1142 3397 1275 3492 legatus
1289 3407 1341 3471 est
1355 3397 1449 3494 regis

280 3521 457 3612 Thidreki,
476 3521 588 3617 puella
608 3532 723 3594 autem
741 3521 810 3594 filia
828 3521 919 3615 regis
935 3521 1108 3610 authuris,
1128 3521 1174 3592 ita
1189 3532 1227 3593 nt
1247 3545 1316 3595 non
1333 3521 1448 3594 solum

278 3645 394 3719 fabula
409 3647 480 3741 jam
496 3670 583 3720 novo
596 3648 690 3743 cyclo
705 3669 822 3720 rerum
836 3657 1012 3743 gestarum
1025 3647 1179 3720 immixta
1194 3662 1368 3744 appareat,
1385 3650 1446 3722 661

281 3769 383 3840 etiam
398 3790 546 3864 persona
563 3769 673 3842 Hildae
687 3769 729 3842 ad
743 3770 930 3842 humanam
947 3781 1105 3843 naturam
1116 3773 1259 3869 propius
1279 3773 1446 3847 accedere

278 3889 443 3979 videatur,
468 3891 605 3986 qualem
623 3891 730 3965 habes
746 3914 883 3988 quoque
897 3893 933 3965 in
947 3905 1105 3990 poemate
1121 3895 1163 3967 16
1183 3895 1339 3986 Gudrun,
1358 3906 1392 3968 et
1408 3895 1444 3968 in

278 4013 422 4087 diversis
439 4012 514 4086 aliis
529 4014 732 4089 recentioris
747 4015 808 4087 aevi
823 4015 956 4088 labellis
968 4016 989 4088 ⁵.

314 4247 337 4299 1.
357 4265 367 4293 6
386 4247 550 4310 lodeskampt
561 4249 606 4298 der
619 4246 764 4311 lliadniuge.
785 4266 794 4292 r
813 4227 1013 4311 Cl.San-lla1te,
1032 4262 1056 4310 p.
1076 4253 1118 4311 23,
1140 4251 1162 4300 1.

310 4339 336 4387 2.
353 4336 422 4386 11161.
434 4336 516 4395 Dora,
535 4349 559 4397 p.
577 4337 620 4387 89.

309 4425 334 4475 3.
350 4423 728 4486 116616661611611666666666,
745 4436 792 4474 von
807 4436 831 4472 v.
849 4424 873 4475 1.
891 4423 984 4485 llagen.
1000 4422 1110 4486 Breslau,
1130 4424 1206 4476 1814.
1223 4425 1251 4487 ll,
1269 4439 1293 4488 p.
1315 4427 1440 4480 tot-tao.

304 4513 330 4563 t.
348 4510 384 4562 Cl.
401 4509 479 4572 thid„
497 4511 515 4571 l,
536 4510 607 4576 tor,
623 4510 665 4561 nbi
680 4510 758 4560 altera
772 4511 884 4572 quadan
898 4522 948 4560 non
963 4510 1081 4560 absimilis
1096 4511 1178 4563 sabula
1193 4516 1318 4564 narratur,

306 4601 331 4651 5.
349 4598 384 4651 Gt.
402 4597 548 4662 San-llarte,
568 4599 689 4661 Gauron,
704 4597 890 4661 Nordseeaape.
907 4596 997 4662 Berlin,
1015 4599 1095 4669 1839.

463 5156 745 5296 Α..
