3472 5648
688 575 930 648 -73-

224 762 337 836 neque
352 763 388 814 re
405 763 484 813 vera
507 763 570 814 vox
588 741 666 814 talis
691 740 727 813 in
747 740 871 814 ceteris
895 739 994 814 libris
1008 740 1247 850 desideratur,
1265 743 1323 816 ubi
1341 744 1391 817 sic
1504 735 1508 741 ’

223 885 342 937 versus
360 862 452 936 idem
469 862 699 960 transcriptus
714 872 786 936 est:

331 1083 402 1144 Tum
416 1084 556 1146 iuuenis:
572 1101 587 1142 r
606 1083 701 1145 Cruor
710 1086 872 1145 innocuos
884 1101 930 1144 mc
944 1085 1108 1146 tinxerit?
1124 1104 1139 1144 n
1157 1086 1283 1162 inquit.

274 1293 348 1367 Hoc
362 1302 477 1366 autem
491 1293 637 1367 verbum
656 1295 843 1367 innocuus
858 1314 962 1388 quam
986 1292 1250 1366 consonantiam
1265 1292 1392 1367 efficiat

227 1441 307 1491 cum
325 1416 440 1492 verbis
461 1419 636 1503 tinxerit,
658 1417 803 1514 inquit,
832 1417 975 1514 planum
1002 1428 1036 1490 et
1056 1427 1214 1515 apertum
1238 1429 1303 1491 est.
1325 1419 1392 1491 De-

226 1540 376 1638 cipiebat
391 1539 597 1638 scriptorem
614 1573 636 1615 α
650 1540 686 1613 in
704 1539 874 1630 hocloco,
890 1539 980 1613 utin
995 1539 1155 1637 pluribus
1171 1540 1258 1632 aliis,
1281 1542 1392 1616 forma

224 1665 419 1738 litterarum
433 1688 454 1738 o
469 1676 503 1738 et
520 1666 535 1737 i
544 1664 602 1759 (cf.
618 1689 668 1740 vv.
680 1663 765 1756 584,
779 1665 911 1737 nouerit
924 1686 986 1761 pro
1006 1677 1169 1750 nonerot;
1184 1664 1268 1757 584,
1281 1667 1391 1758 raab,

226 1801 301 1878 etc,
321 1788 413 1885 etc).

274 1912 395 2010 Neque
410 1911 542 1987 diverse
558 1936 614 1987 res
628 1936 664 1988 se
683 1913 787 1988 babet
801 1937 830 1988 v.
845 1911 929 2004 aab,
946 1913 1005 2009 qui
1021 1913 1134 1986 duma
1150 1911 1275 1988 ceteris
1293 1913 1392 1989 libris

226 2036 276 2110 sic
293 2037 458 2111 refertur:

332 2257 434 2320 Sermo
449 2260 567 2338 quidem
578 2259 681 2320 nutius
694 2259 754 2337 fuit
770 2261 849 2320 inter
858 2260 971 2321 mortio
980 2260 1041 2321 tela
1056 2258 1115 2339 (vol
1130 2260 1233 2340 betia),

228 2467 368 2544 soiusA
392 2492 455 2566 pro
481 2471 610 2544 mortio
635 2469 739 2544 babet
757 2472 899 2558 inertia,
914 2495 991 2568 quae
1015 2496 1077 2546 vox
1097 2493 1166 2545 non
1181 2471 1293 2545 solum
1313 2494 1394 2546 cum

227 2593 452 2668 antecedente
467 2595 559 2667 inter
577 2595 840 2669 consonantiam
856 2594 959 2669 habet
975 2597 1074 2695 (fuit
1093 2599 1206 2671 inter
1219 2597 1392 2694 trinita),

224 2715 403 2790 sedetiam
421 2715 600 2812 aptissime
615 2717 768 2791 auctoris
792 2719 1008 2817 propositum
1040 2719 1214 2817 exprimit,
1242 2718 1390 2794 scilicet:

228 2867 245 2911 <r
265 2840 322 2916 Sic
354 2851 428 2914 erat
450 2841 597 2914 heroum
619 2864 720 2915 mens
751 2841 843 2917 bello
869 2845 1000 2919 intenta
1029 2843 1131 2942 (925)
1155 2856 1194 2917 ut
1218 2866 1288 2917 non
1307 2845 1391 2942 jam,

225 2965 314 3040 sicut
331 2977 443 3058 antea,
463 2965 540 3040 data
566 2965 687 3062 requie
707 2966 785 3040 telis
808 2967 992 3065 (inertibus
1021 2969 1124 3066 telis),
1148 2967 1297 3041 invicem
1318 2992 1394 3044 sese

225 3090 445 3165 sermonibus
460 3090 695 3187 conviciisque
713 3092 935 3167 lacesserent.
950 3118 967 3162 r

273 3216 313 3290 V.
329 3216 401 3290 ‘263
417 3238 482 3311 sq,
507 3215 720 3290 Waltbarius
748 3216 974 3310 Hiltgundem
988 3217 1101 3290 omnia
1126 3238 1316 3314 congerere
1337 3217 1394 3314 ju·

227 3343 312 3416 bens
331 3365 407 3439 quae
422 3339 630 3438 aufugituris
649 3339 835 3419 auferenda
854 3350 969 3428 erunt,
985 3339 1089 3414 dicit:

335 3577 350 3618 ‹
365 3559 515 3636 Imprimis
528 3559 647 3635 puteum
662 3558 741 3634 repis
754 3558 953 3634 tunicamque,
970 3559 1096 3620 trilicem

332 3657 438 3717 Assoro
453 3655 580 3716 ioricam
593 3654 749 3732 fabrorum
763 3655 880 3731 iosipnc
892 3655 1037 3732 serentem

332 3751 515 3830 Diripciinc
529 3753 635 3813 debinc
648 3751 810 3812 mediocria
824 3752 939 3813 scrinia
953 3752 1031 3813 toitc.
1054 3770 1069 3810 n

278 3965 367 4038 Voce
385 3964 442 4038 illa
460 3964 585 4038 Arcera
601 3963 687 4038 nihil
703 3973 797 4038 certe
812 3963 996 4038 obscurius
1017 3986 1092 4038 esse
1106 3973 1220 4062 potest
1230 3989 1239 4053 ;
1266 3962 1296 4036 si
1316 3984 1395 4035 vero

227 4087 264 4160 in
278 4087 353 4184 ejus
370 4087 446 4161 ioco
462 4087 558 4184 Aller
573 4086 745 4184 posueris,
765 4109 838 4160 non
858 4085 972 4160 solum
994 4085 1235 4184 imperativum
1252 4083 1396 4159 modum

227 4212 371 4287 habebis
386 4236 467 4286 cum
482 4214 619 4288 duobus
639 4211 715 4286 aliis
740 4212 864 4308 Dirzpe
888 4224 922 4286 et
946 4210 1028 4284 tolle
1051 4220 1313 4307 congruentem,
1334 4209 1396 4282 sed

229 4338 332 4410 etiam
360 4336 623 4412 consonantiam
645 4335 839 4409 litterarum
852 4337 885 4432 ff
895 4336 931 4407 in
946 4333 1057 4426 Affcr
1075 4355 1156 4406 cum
1172 4333 1315 4407 vocibus
1334 4333 1396 4428 so-

228 4459 367 4532 brorom
381 4461 564 4554 serentem.
594 4461 663 4533 Per
678 4469 901 4533 transennam
915 4457 998 4530 vidit
1021 4457 1050 4530 Α
1068 4458 1260 4547 veritatem,
1283 4478 1396 4551 neque

228 4591 345 4656 tamen
359 4582 473 4679 plane,
489 4605 598 4679 quum
613 4605 676 4680 pro
695 4581 791 4678 Affcr
806 4581 984 4679 scripserit
998 4580 1126 4674 Alieno.
