3472 5648
732 532 997 607 ..106-

330 699 490 773 Ceterum
513 701 617 774 refert
632 698 930 795 historiographus
946 697 1039 771 idem
1056 696 1176 794 (quud,
1190 721 1389 797 quanquam
1406 700 1452 773 ad

282 821 496 919 prepositum
521 834 679 895 nestrum
693 821 810 894 minus
820 820 983 916 pertinet,
996 819 1189 894 notandum
1204 830 1318 894 tamen
1338 823 1454 894 visum

280 944 356 1043 est),
378 945 633 1042 praeclarissimi
660 944 790 1039 ingenii
816 955 849 1016 et
871 943 1017 1038 insignis
1032 935 1184 1019 caritatis
1206 944 1305 1016 illum
1330 945 1454 1035 fuisse,

282 1080 384 1165 atque
406 1069 450 1141 ita
470 1070 631 1144 omnibus
652 1069 850 1159 dileetum¹,
867 1081 905 1142 ut
927 1091 944 1141 a
967 1068 1042 1141 vivo
1066 1067 1182 1142 abbati
1197 1070 1327 1144 Kraluh
1342 1071 1453 1168 (941-

282 1190 369 1286 958)
392 1192 631 1287 designaretur
659 1205 697 1265 ut
723 1193 782 1288 qui
799 1203 876 1288 pust
895 1191 1003 1288 ipsius
1026 1203 1175 1265 mortem
1197 1192 1342 1267 abbatiae
1365 1217 1456 1292 prae·

283 1311 457 1403 ficeretur,
483 1324 585 1408 atque
608 1314 715 1387 abbas
736 1313 877 1410 quidem
893 1314 1092 1388 nominatus
1107 1313 1239 1406 suisset,
1263 1315 1342 1407 nisi,
1366 1339 1455 1411 quu-

285 1436 364 1509 dam
381 1437 448 1529 die,
465 1461 553 1533 equo
573 1437 739 1533 dejectus,
755 1437 864 1511 fracte
878 1461 994 1529 erure,
1010 1439 1153 1513 claudus
1168 1440 1279 1514 faetus
1294 1439 1453 1514 fuisset².

333 1561 431 1647 Quod
449 1561 491 1634 ad
507 1560 694 1635 Geraldum
714 1560 847 1650 attinet,
862 1560 1017 1656 plurium
1038 1561 1143 1658 hujus
1164 1563 1315 1637 numinis
1330 1585 1454 1638 muna-

282 1684 428 1757 eherum
447 1707 466 1758 e
483 1685 682 1758 mediumve
698 1685 820 1758 notitia
834 1684 877 1756 ad
893 1707 956 1758 nos
970 1685 1135 1782 pervenit.

324 1810 363 1882 tu
383 1808 538 1905 catalogo
563 1809 664 1883 eodd.
690 1832 773 1882 mss.
790 1809 874 1882 bibl.
897 1821 966 1881 nat.
992 1809 1159 1882 Parisinae
1180 1821 1265 1884 tum.
1286 1810 1321 1902 4,
1338 1810 1451 1900 4744,

275 1955 308 2029 p.
324 1933 408 2021 531,
423 1933 591 2007 Geruldus
608 1943 726 2005 noster
740 1957 757 2002 a
772 1930 998 2021 floriacensis,
1010 1943 1049 2005 ut
1064 1931 1210 2019 videtur,
1221 1932 1415 2006 menachus
1430 1960 1450 2003 »

279 2057 609 2153 perhibetur;atque
621 2057 655 2129 in
667 2056 742 2153 ipse
754 2055 874 2129 codiee
886 2055 1190 2151 posterioremanu
1200 2056 1274 2128 haec
1284 2056 1454 2150 leguntur

277 2178 468 2278 adscripta:
488 2206 506 2251 3
521 2181 556 2255 S.
574 2179 723 2270 Geraud,
745 2178 862 2252 moine
881 2177 924 2251 de
937 2178 1067 2269 Fleuri,
1082 2200 1217 2252 comme
1231 2178 1257 2250 il
1272 2179 1404 2253 semble
1421 2205 1454 2254 n.

281 2302 393 2401 Atque
418 2327 455 2377 re
475 2326 553 2380 rem
568 2304 778 2378 monachum
803 2301 1000 2398 quemdam,
1015 2304 1081 2376 hue
1103 2325 1230 2376 nomen
1249 2303 1453 2394 habentem,

282 2427 318 2500 iu
334 2427 400 2501 buu
422 2427 583 2502 cenobio
608 2427 784 2524 quondam
806 2425 941 2522 degisse
961 2437 1082 2500 contra
1099 2426 1338 2500 testimonium
1356 2429 1454 2524 quod

282 2551 456 2647 reperitur
482 2552 572 2626 Hr'st.
596 2551 662 2624 litt.
686 2549 849 2623 Fruneire
874 2547 931 2634 VI,
958 2548 1043 2638 438,
1071 2547 1196 2645 probat
1218 2548 1317 2622 lucus
1336 2549 1395 2622 ille
1415 2550 1454 2622 in

281 2673 448 2747 Vaticano
481 2674 570 2747 libre
595 2675 687 2769 regis
720 2672 915 2761 christine,
949 2672 1006 2745 ubi
1035 2671 1269 2746 «Translatiu
1293 2672 1456 2768 eorporis

283 2797 374 2871 beati
401 2797 579 2871 Benedicti
604 2810 635 2872 et
658 2797 855 2870 Scelestirae
879 2797 1010 2870 suroris
1031 2797 1119 2892 ejus,
1140 2795 1298 2869 versibus
1322 2795 1454 2869 edita»

284 2918 812 2993 3131313011113111311311333331
831 2916 1053 2991 adscribitur.
1075 2919 1192 3004 Quum
1210 2928 1328 2990 tamen
1349 2940 1457 3014 supra

285 3040 393 3112 satius
412 3041 675 3139 exposuerimus
695 3041 812 3114 onmia
832 3041 868 3112 in
895 3051 1015 3113 nostru
1040 3051 1199 3135 poemate
1217 3038 1261 3110 ad
1280 3040 1460 3132 germani-

285 3187 343 3237 rus
367 3164 499 3239 bibulas
518 3165 805 3261 gerrrranieosque
830 3185 947 3238 mures
963 3163 1152 3260 pertinere,
1166 3163 1246 3258 jure
1259 3162 1459 3253 miraberis,

286 3302 423 3389 poetam
449 3289 491 3363 ad
520 3290 679 3384 Ligerem
709 3302 844 3379 naumr,
873 3300 944 3360 tam
971 3287 1120 3360 alienam
1149 3286 1330 3359 materiam
1363 3298 1461 3361 trae·

288 3428 391 3488 tasse.

337 3537 508 3612 Geruldus
525 3558 609 3630 erge
627 3548 746 3609 nester
764 3533 847 3607 alibi
864 3533 1110 3630 inquirendus;
1130 3555 1244 3628 neque
1263 3546 1335 3604 tam
1353 3533 1464 3627 lunge

289 3660 454 3733 313313
473 3658 617 3731 Casibus
634 3659 728 3731 eninr
747 3658 874 3756 sapius
897 3656 1093 3730 Ekkebardi
1118 3657 1133 3727 1
1162 3655 1296 3728 nomini
1312 3655 1465 3751 adjunc-

292 3796 365 3856 tum
396 3795 445 3855 est
479 3804 606 3855 rtumen
645 3782 784 3856 Gemtdi
818 3780 1039 3875 tGerbaldus,
1071 3778 1256 3872 Keraidus)
1278 3778 1337 3873 qui
1371 3779 1465 3852 «ab

291 3904 522 3979 uttutesreutia
535 3927 647 4001 usque
663 3905 705 3977 ad
725 3904 869 3977 senilem
884 3904 960 3976 sine
978 3904 1084 3975 tinem
1098 3924 1237 3997 semper
1261 3899 1466 3974 scbuiamm

332 4152 354 4197 t.
371 4146 429 4197 tite
442 4143 597 4209 tpupttuu
615 4146 642 4195 13
662 4145 780 4194 minutiem
800 4142 860 4194 31.
875 4144 908 4194 ab
921 4143 948 4194 1.
964 4142 993 4192 lt
1009 4143 1182 4206 compsinum.
1196 4141 1302 4193 8313131
1314 4141 1468 4195 3111111133.

293 4236 317 4287 11.
337 4228 396 4277 tes.

328 4325 354 4373 ὲ.
371 4326 430 4373 ,ven
456 4325 556 4371 tterm..
575 4324 624 4373 tre
637 4334 677 4383 sq.
696 4319 929 4382 murmuremus
955 4321 987 4370 ab
1014 4319 1058 4369 utu
1074 4319 1224 4382 rumpasitus
1249 4317 1361 4380 repertus
1374 4331 1472 4369 mu—

292 4400 398 4463 srriptus
410 4402 436 4451 iu
445 4400 516 4451 mdd
532 4399 645 4461 &turult
658 4400 721 4449 δῖό,
733 4400 795 4449 373.
806 4400 942 4449 3833351.
954 4396 992 4448 U.
1006 4396 1089 4459 1333,
1098 4396 1265 4447 [3133313333
1277 4395 1470 4459 1133333111,

294 4480 357 4531 nst.
368 4482 420 4529 153
431 4494 438 4531 ;
451 4478 570 4529 1333313.
585 4477 749 4527 1313331333
758 4478 911 4540 Septem
924 4477 973 4525 des
988 4477 1169 4531 1111131311333,
1189 4489 1217 4524 3.
1241 4478 1302 4526 tes.
1319 4476 1383 4539 35⁰,
1400 4477 1472 4543 51³,

296 4553 743 4617 333;833-11333,3333,33.1.1.
764 4559 811 4605 res
827 4569 866 4618 su.
