3472 5648
676 550 889 621 -.5-

199 715 402 812 praemunita
437 715 591 810 undique
633 715 753 789 semita
781 717 895 813 spinis
924 727 957 789 et
985 714 1140 812 paliuris,
1177 740 1253 790 sese
1285 740 1367 790 cum

195 839 306 934 puella
322 839 356 911 in
376 861 519 935 specum
535 839 678 935 reecpit,
694 838 754 930 ubi
770 840 882 936 clipeo
894 839 1114 929 recumbens,
1131 839 1280 936 primam
1292 864 1368 938 par·

196 972 264 1034 tem
282 963 407 1053 noctis,
427 963 511 1035 dum
531 961 625 1058 virgo
641 961 834 1037 custodiam
854 963 947 1054 lacit,
963 985 1126 1035 somnum
1141 964 1272 1060 carpit;
1288 964 1369 1058 alte·¹

194 1107 267 1158 ram
282 1107 361 1159 vero
381 1095 516 1182 partem
532 1084 605 1181 ipse
626 1085 724 1158 duxit
743 1084 866 1181 vigilia,
884 1088 980 1160 hasta
999 1096 1132 1159 arrecta
1152 1084 1269 1159 fultus.

246 1209 363 1282 Prima
393 1209 489 1300 luce,
523 1208 679 1306 spoliatis
711 1209 865 1285 hostium
896 1209 1121 1283 cadaveribus
1149 1220 1184 1282 et
1216 1210 1368 1282 oneratis

196 1333 310 1429 praeda
326 1343 475 1428 quatuor
500 1332 559 1428 qui
585 1331 787 1429 superstites
806 1344 904 1406 erant
922 1333 1031 1428 cquis,
1053 1353 1218 1428 sponsam
1242 1332 1367 1429 quinto

197 1454 373 1551 imposuit,
390 1454 463 1552 ipse
478 1455 682 1528 conscendit
698 1465 843 1529 sextum.
861 1456 988 1529 Tunee'
1004 1464 1117 1529 castro
1129 1455 1366 1552 progreditur,

200 1578 315 1652 omnia
334 1578 533 1654 cautissime
555 1577 665 1652 oculis
690 1577 883 1674 explorans,
908 1577 1051 1652 arrectis
1075 1577 1219 1651 auribus
1247 1589 1369 1652 ventos

199 1710 351 1798 captans.
372 1702 459 1776 Cum
478 1690 603 1775 cuncta
620 1699 722 1774 silere
737 1700 839 1789 videt,
856 1702 921 1775 iter
938 1700 1151 1796 aggreditur.

248 1824 329 1898 Sed
345 1839 528 1922 postquam
559 1824 654 1899 mille
679 1826 751 1899 fere
783 1849 906 1924 passus
934 1826 1228 1915 transcenderant,
1253 1827 1368 1924 puella

197 1948 389 2045 respiciens
402 1948 495 2023 videt
512 1949 600 2022 duos
616 1948 751 2045 equites
774 1949 817 2022 de
842 1950 929 2023 colle
951 1949 1077 2046 raptim
1100 1949 1365 2044 descendentes

195 2071 409 2146 Waltharius
424 2073 505 2147 ilico
520 2072 644 2168 virgini
655 2073 727 2146 lora
746 2073 901 2148 «Leonis
915 2100 932 2144 a
950 2096 1074 2149 aurum
1086 2074 1251 2171 gestantis
1263 2063 1369 2148 tradit

197 2208 232 2270 et
244 2220 321 2271 eam
332 2198 433 2295 jubet
448 2198 553 2272 citius
567 2199 647 2272 luco
663 2197 861 2274 succedere.

203 2366 207 2371 -
247 2323 394 2396 Eminus
422 2346 479 2396 rex
500 2323 732 2406 Waltharium
757 2324 916 2419 superbis
938 2323 1053 2398 verbis
1078 2324 1280 2421 compellat3
1311 2324 1368 2398 ille

199 2459 327 2535 autem,
347 2448 443 2522 nullo
467 2451 540 2544 regi
563 2448 698 2527 reddito
718 2471 898 2546 responso,
917 2450 959 2521 ad
981 2451 1205 2544 Haganonem
1225 2434 1367 2522 conver-

200 2562 272 2662 sus,
290 2572 450 2645 obsecrat
470 2595 550 2645 eum
565 2595 628 2669 per
643 2573 744 2646 ludos
763 2573 926 2670 pueriles,
949 2571 1130 2670 perfidem
1146 2573 1365 2670 promissam,

200 2706 271 2768 uta
290 2695 381 2769 bello
397 2695 564 2769 desistere
584 2696 676 2787 velit,
696 2677 886 2770 umbonem
904 2696 1009 2770 rutilo
1024 2697 1164 2770 metallo
1184 2719 1222 2770 se
1242 2696 1365 2795 imple·

197 2829 316 2891 turum
331 2841 407 2892 esse
428 2817 623 2915 pollicitus;
642 2819 784 2914 Hagano
801 2830 920 2893 contra
941 2821 1049 2893 iratus
1064 2821 1199 2893 incusat
1213 2819 1365 2894 Waltha-

198 2943 288 3015 rium
303 2941 395 3039 quod
419 2942 516 3039 prius
530 2943 599 3014 vim
622 2943 799 3031 intulerit;
823 2966 945 3017 aurum
970 2965 1007 3015 se
1035 2943 1135 3016 ssocci
1154 2943 1267 3016 lacere
1283 2964 1364 3038 pro-

196 3066 323 3156 fitetur,
345 3066 381 3139 in
403 3076 579 3139 certamen
599 3088 680 3139 vero
702 3066 837 3139 venisse
864 3067 906 3138 ad
928 3089 1049 3164 poenas
1070 3078 1213 3163 propter
1236 3066 1366 3139 caedem

197 3189 333 3286 nepotis
351 3188 548 3262 sumendas.

245 3312 316 3386 Nec
335 3334 444 3402 mora,
462 3312 606 3408 dejectis
626 3311 738 3384 tribus
753 3311 835 3384 viris
851 3310 893 3384 de
916 3313 1026 3408 equis,
1048 3312 1262 3385 instauratur
1275 3335 1365 3409 prae·

199 3435 283 3508 lium
301 3446 408 3524 atrox,
426 3435 460 3507 in
481 3459 549 3532 quo
566 3445 643 3532 post
662 3434 814 3508 diversas
832 3436 923 3510 vices
944 3436 1137 3509 Gunthario
1152 3436 1366 3511 Waltharius

197 3561 393 3635 vehementi
424 3561 496 3635 ictu
520 3583 601 3634 crus
624 3583 705 3634 cum
730 3560 858 3656 poplite
884 3559 1038 3654 adusque
1060 3560 1174 3633 lemur
1189 3559 1363 3657 decerpit;

200 3685 264 3781 ipsi
285 3709 364 3758 vero
379 3685 572 3759 Walthario
597 3685 738 3778 Hagano
755 3683 909 3755 dextram
928 3682 1100 3757 incautius
1123 3694 1291 3756 exsertam
1315 3707 1367 3755 re·

198 3807 293 3881 cidit.
320 3810 431 3882 Heres
450 3819 577 3897 autem,
607 3808 727 3882 dolore
748 3819 920 3904 superato,
951 3807 1118 3880 incolumi
1144 3807 1283 3881 sinistra
1306 3808 1366 3881 de·

195 3933 335 4032 stringit
359 3934 607 4030 semispatham
626 3943 660 4005 et
681 3932 862 4028 Haganoni
884 3930 1044 4004 dextrum
1068 3933 1210 4007 oculum
1235 3931 1366 4022 etlodit,

194 4067 296 4152 atque
323 4056 427 4130 etiam
445 4068 600 4154 tempore
624 4068 778 4131 resecato
794 4057 992 4153 pariterque
1008 4057 1142 4131 revulso
1158 4057 1295 4144 labello,
1312 4056 1366 4128 bis

194 4191 312 4254 ternos
330 4180 480 4254 molares
495 4180 538 4253 ab
554 4203 614 4254 ore
632 4179 809 4254 discussit.

243 4303 302 4378 Sic
317 4305 426 4401 praelii
445 4305 525 4378 linis
540 4304 620 4377 luit:

427 4540 487 4614 Sic,
504 4540 546 4600 sic
561 4537 691 4599 armillas
706 4537 805 4618 partiti
820 4543 888 4598 sunt
904 4537 1078 4599 Avarenses'.
