3472 5648
741 553 987 625 -89-.

328 718 448 814 Neque
475 717 561 792 illud
586 718 733 792 fortasse
758 717 853 814 parvi
872 719 1040 792 momenti
1068 719 1256 814 estquod
1282 719 1443 815 praelian-

256 853 342 945 tes,
377 851 563 935 antequam
591 864 715 915 manus
742 855 942 932 conserunt,
970 842 1061 914 inter
1091 865 1128 916 se
1159 841 1265 915 minis
1289 842 1358 915 sive
1390 843 1444 915 lu-

281 964 404 1038 dibriis
426 965 612 1056 lacessunt,
633 987 699 1061 qua
728 964 765 1037 in
790 987 827 1037 re
847 988 987 1039 carmen
1017 976 1176 1040 nostrum
1201 966 1445 1062 antiquissimo

280 1088 330 1161 illi
349 1091 543 1185 fragmento
563 1088 779 1162 simillimum
794 1099 857 1180 est,
874 1091 966 1186 quod
987 1090 1030 1163 ad
1050 1114 1113 1165 nos
1136 1091 1292 1188 pervenit
1311 1091 1353 1164 de
1372 1115 1446 1165 cer·

281 1213 410 1287 tamine
434 1211 660 1286 Hildehramli
684 1235 765 1286 oum
789 1212 874 1304 filio,
903 1236 1060 1287 necnon
1088 1213 1253 1310 praedicto
1278 1213 1327 1287 illi
1356 1214 1446 1311 lrag-

281 1345 399 1410 mento
431 1335 725 1432 anglo-saxonica,
750 1335 785 1407 in
810 1358 878 1430 quo
907 1336 993 1407 nihil
1014 1336 1087 1432 jam
1109 1346 1268 1433 superest
1283 1336 1358 1441 nisi
1379 1360 1448 1409 ser·
1532 1335 1535 1343 '

281 1483 402 1535 mones
415 1460 660 1558 pugnantium.
678 1461 848 1534 Praeterea
867 1486 897 1533 v.
926 1461 997 1535 686
1017 1484 1066 1556 sq.
1086 1460 1190 1534 Kuno
1202 1461 1411 1536 avunculum
1428 1486 1446 1535 a

283 1584 473 1659 Walthario
488 1585 644 1658 occisum
663 1580 787 1658 ulcisci
811 1594 929 1658 tentat.
950 1583 1086 1657 Pariter
1106 1585 1247 1680 Hagano
1272 1585 1367 1660 1878
1394 1608 1445 1680 sq.

284 1731 358 1782 sese
372 1709 485 1783 necati
501 1708 637 1805 nepotis
660 1707 848 1781 vindictam
874 1708 1101 1804 quaesiturum
1124 1708 1320 1805 profitetur.
1344 1707 1447 1805 Apud

284 1834 473 1907 Germanos
489 1831 594 1923 enim,
620 1842 659 1904 ut
675 1831 723 1904 ait
746 1831 898 1921 Tacitus,
928 1854 1122 1907 «sororum
1143 1827 1225 1906 filiis
1243 1832 1336 1905 idem
1356 1833 1446 1928 apud

284 1957 500 2043 avunculum,
517 1956 576 2052 qui
591 1955 681 2053 apud
700 1966 833 2053 patrem
851 1956 977 2046 honos;
996 1957 1136 2051 quidam
1150 1956 1359 2030 sanctiorem
1373 1978 1448 2029 are·

284 2079 476 2176 tioremque
494 2081 589 2152 hunc
604 2103 730 2153 nexum
745 2079 923 2176 sanguinis
938 2079 1173 2154 arbitranturl
1187 2105 1218 2154 a.

330 2191 562 2278 Waltharium
577 2215 610 2276 et
623 2203 861 2298 Hiltgundem,
873 2205 978 2277 etiam
993 2214 1067 2278 tum
1082 2205 1243 2294 infantes,
1259 2226 1276 2276 a
1292 2203 1449 2300 patribus

285 2349 430 2424 sponsos
454 2326 614 2417 vidImus
636 2309 740 2423 atque
765 2329 906 2400 eosdem
934 2327 970 2399 in
1002 2325 1164 2401 obsidum
1195 2327 1306 2400 vicem
1336 2325 1449 2401 Attilae

285 2451 394 2541 datos,
423 2451 515 2546 quod
545 2472 626 2523 cum
641 2449 721 2546 jure
756 2450 848 2524 illius
875 2452 1041 2548 temporis
1066 2462 1339 2526 consentaneum
1366 2452 1450 2525 est².

284 2576 325 2649 v.
354 2575 426 2650 136
446 2573 550 2648 Attila
566 2574 798 2649 Waltharium
820 2587 963 2673 nuptam
986 2575 1053 2673 sibi
1080 2600 1098 2649 e
1120 2575 1310 2649 Pannoniis
1325 2575 1450 2672 puellis
1564 2625 1567 2630 -

282 2699 407 2796 eligere
419 2699 531 2796 jubet,
547 2694 798 2796 polliceturque
817 2723 853 2773 se
873 2699 973 2772 illum
999 2727 1016 2770 o
1036 2699 1136 2774 donis
1156 2699 1450 2796 amplificatorem

283 2848 357 2898 esse
374 2822 429 2896 u³.
453 2823 494 2895 V.
512 2823 583 2898 868
598 2824 811 2899 Waltharius
826 2823 1052 2920 Hiltgundem
1072 2850 1088 2893 n
1109 2834 1230 2920 quater
1246 2823 1369 2896 binum
1384 2823 1450 2899 sibi

283 2949 494 3023 cothurnum
516 2975 533 3019 a>
555 2949 598 3021 de
616 2971 713 3022 more
731 2949 844 3021 lacere
858 2946 970 3044 jubet,
990 2970 1061 3021 non
1080 2946 1221 3044 quidem
1239 2947 1449 3023 insaniendo

283 3069 407 3144 itinere
426 3069 841 3167 pedibusapplicandum‚
865 3070 924 3143 sed
946 3069 1025 3166 quia
1038 3083 1121 3143 mos
1139 3080 1213 3142 erat
1229 3069 1366 3144 Hunnis
1382 3071 1451 3144 cal-

285 3216 363 3267 ceos
392 3194 537 3290 gemmis
561 3203 595 3266 et
623 3216 708 3267 auro
733 3193 957 3282 adornandi⁴‚
984 3203 1018 3264 et
1045 3191 1094 3265 sio
1118 3191 1225 3266 calcei
1247 3215 1329 3289 pars
1352 3193 1416 3266 aul
1435 3235 1449 3248 ·

284 3317 383 3392 rendi
414 3318 568 3390 thesauri
603 3327 712 3390 erant.
746 3316 865 3414 Epulae
899 3339 918 3388 a
950 3315 1141 3389 Walthario
1173 3316 1309 3389 Hunnis
1340 3339 1448 3413 appo·

284 3440 356 3514 sitae
381 3443 424 3536 (v.
451 3441 522 3515 888
542 3439 620 3536 so),
638 3440 729 3514 inter
755 3463 840 3537 quas
863 3439 966 3512 Attila
992 3439 1204 3536 comitesque
1229 3438 1307 3512 vino
1324 3439 1450 3536 sepulti

284 3563 436 3655 luerunt,
465 3565 685 3638 conserendae
706 3575 786 3638 sunt
809 3586 890 3638 cum
912 3564 1110 3636 narratione
1129 3563 1238 3637 Prisci
1265 3563 1324 3659 qui
1352 3586 1388 3636 se
1407 3562 1449 3637 ab

284 3687 387 3760 Attila
417 3687 459 3760 ad
487 3711 624 3763 coenam
650 3689 830 3761 invitatum
851 3687 959 3762 fuisse
987 3689 1102 3762 relert.
1135 3690 1194 3762 Vv.
1220 3688 1293 3762 405
1321 3711 1373 3784 sq.
1405 3687 1448 3762 ab

283 3809 386 3884 llttila
407 3810 490 3884 dicti
508 3832 518 3883 :'

286 3998 497 4008 ---—-———

324 4118 348 4190 l.
367 4118 453 4166 Geraia.
468 4119 511 4168 20.
528 4113 565 4166 Cf.
587 4114 695 4176 Wollh„
711 4127 751 4163 vv.
770 4112 830 4180 rot,
845 4116 906 4179 926,
925 4111 1051 4178 951-954,
1072 4112 1149 4164 1263.

320 4218 346 4265 2.
363 4212 400 4265 Cl.
417 4213 517 4280 (lrlmm,
532 4211 811 4274 Rechtsaltcrthr'cmer,
836 4211 897 4278 455,
920 4210 982 4277 461,
1006 4213 1031 4261 et
1053 4210 1151 4261 omniuo
1169 4207 1303 4261 dedendis
1322 4209 1449 4262 obsidibus

286 4292 406 4358 Tacitum,
423 4293 522 4354 Germ.;
538 4297 563 4360 8,
580 4296 605 4342 et
618 4293 696 4354 Hast,
709 4289 748 4358 IV,
766 4294 808 4343 79.

320 4394 344 4442 3.
362 4388 397 4441 Gt.
413 4389 513 4456 Grimm,
529 4388 685 4451 Rechtaolt„
697 4386 759 4439 436.

320 4490 345 4539 l.
363 4485 399 4538 Gt.
415 4486 523 4567 Priscus,
536 4501 577 4570 ap7
591 4486 708 4552 Niebuhr,
724 4487 822 4549 Corpus
836 4489 926 4551 serapt.
940 4487 1004 4537 hist.
1018 4486 1136 4550 bizant,
1151 4485 1169 4551 Ι,
1183 4488 1233 4537 203
1249 4483 1372 4548 sin-cr.
1390 4483 1453 4537 San·

284 4582 370 4651 llarte,
386 4598 412 4647 p.
426 4584 474 4638 tat
490 4599 529 4648 sq.
1486 4588 1488 4591 ·
