3472 5648
741 516 982 591 -80-

853 855 875 895 α

327 1060 532 1135 Lectionum
551 1084 627 1157 quae
646 1063 820 1157 agenoris
835 1061 1029 1160 peculiares
1048 1071 1131 1136 sunt
1148 1085 1229 1159 pars
1253 1060 1367 1158 major
1379 1082 1457 1133 ma-

279 1185 404 1260 nileste
424 1185 590 1259 mendosa
607 1198 670 1276 est,
698 1197 738 1259 ut
753 1212 803 1260 vv.
826 1187 911 1277 111,
927 1185 1065 1283 placuit
1080 1209 1144 1284 pro
1162 1184 1341 1283 placauit·
1363 1183 1454 1272 967,

279 1332 388 1381 tetrum
402 1332 466 1407 pro
485 1310 612 1394 iactatam
626 1309 710 1398 376,
730 1310 805 1381 uiri
818 1333 882 1406 pro
899 1311 1010 1383 oenotri
1015 1335 1028 1396 ,·
1043 1309 1126 1401 811,
1152 1308 1283 1382 diuum
1297 1328 1363 1404 pro
1376 1304 1457 1377 cla·

279 1456 373 1507 uum.
401 1432 554 1507 Alteram
576 1455 658 1507 vcro
680 1433 835 1507 invenies
856 1446 991 1530 partem
1003 1434 1206 1524 lectionum,
1232 1455 1321 1529 quae,
1338 1453 1457 1528 quum

280 1556 317 1630 in
332 1555 402 1632 illis
421 1555 555 1631 librarii
570 1555 781 1654 negligentia
797 1557 848 1631 vel
866 1556 1063 1653 ignorantia
1081 1557 1199 1630 minus
1222 1564 1352 1652 apertae
1367 1553 1456 1644 sint,

280 1702 322 1755 eo
347 1680 514 1754 intentius
537 1679 773 1776 inspiciendae.
799 1681 857 1755 Sic
884 1681 969 1754 dum
991 1707 1022 1754 v.
1050 1681 1135 1772 391,
1160 1678 1268 1756 ceteri
1295 1677 1458 1751 Tandem
1549 1694 1553 1703 ·

279 1805 450 1897 scribunt,
470 1843 493 1885 n
506 1805 593 1878 lude
605 1805 731 1895 habet3
747 1805 811 1896 sic,
825 1830 857 1878 v.
874 1806 958 1896 186,
971 1806 1138 1878 Sternere
1151 1815 1232 1894 cet,
1247 1801 1401 1876 terrare
1418 1838 1454 1880 α.

279 1928 438 2013 Quorum
453 1929 691 2025 exemplorum
707 1952 816 2025 quum
834 1929 981 2002 alterum
998 1929 1112 2025 (true)
1127 1928 1314 2002 metricum
1328 1926 1458 2000 vitium

278 2051 467 2141 contineat,
488 2052 636 2125 alterum
651 2051 827 2149 (Cernere)
839 2051 1032 2126 intellectui
1045 2051 1163 2126 minus
1173 2063 1355 2148 congruat,
1370 2050 1458 2147 jure

279 2176 410 2250 inseras
429 2173 541 2249 bonas
567 2176 735 2250 lectiones
757 2199 834 2250 esse
862 2175 1013 2250 Tandem
1039 2188 1074 2250 et
1091 2175 1274 2259 Sternere;
1289 2185 1397 2270 atque
1416 2197 1458 2246 re

280 2325 360 2376 sera
376 2300 499 2375 lelellit
518 2301 724 2399 scriptorem
737 2341 761 2383 a
774 2301 901 2375 omissa
915 2301 1072 2398 capitalis
1085 2301 1200 2374 littera
1215 2300 1252 2372 in
1261 2297 1458 2396 exemplari

282 2425 376 2522 quod
390 2425 464 2523 ipse
482 2424 711 2499 describebat.
727 2425 777 2498 Cs.
798 2426 880 2515 tta,
900 2424 962 2498 tto·
981 2465 1015 2513 a,
1037 2425 1112 2499 otta·
1126 2425 1187 2524 07.
1207 2423 1348 2498 Felcllit
1360 2445 1457 2520 prae·

281 2562 375 2622 terea
406 2548 442 2620 in
464 2570 550 2621 voce
575 2546 724 2619 Tnudmr-
754 2547 1000 2644 compendium
1028 2569 1097 2643 quo
1121 2547 1248 2621 omissa
1275 2547 1393 2618 littera
1421 2568 1460 2617 m

283 2682 401 2745 notata
422 2683 508 2744 erat.
533 2671 574 2742 ln
597 2671 758 2743 eumdem
795 2691 950 2743 errorem
972 2667 1095 2742 incidit
1121 2670 1252 2764 legens,
1276 2692 1309 2739 r.
1342 2666 1458 2758 1091,

280 2795 411 2867 maore
426 2815 491 2890 pro
503 2793 674 2877 donorum,
690 2792 795 2888 quod,
810 2803 851 2865 ut
865 2791 1147 2888 supradiximus,
1169 2793 1285 2864 solum
1302 2800 1458 2864 rectum.

282 2915 418 3012 Saepius
445 2937 585 3011 quoque
607 2915 816 3011 europendio
844 2914 976 2987 fallitur
1001 2936 1072 3012 qno
1093 2937 1133 2986 er
1154 2913 1332 2986 indicatur
1351 2912 1459 3008 (995,

280 3038 389 3112 scidit
410 3060 476 3134 pro
494 3038 669 3121 scidam
692 3039 822 3134 pariter
846 3037 931 3127 503,
952 3038 983 3110 ,l
998 3060 1062 3134 pro
1079 3037 1235 3134 pondeoe
1260 3036 1347 3135 legit
1366 3060 1462 3134 pott-

280 3161 371 3235 diat.

333 3285 373 3357 ln
392 3308 422 3356 s.
437 3283 523 3369 518,
547 3285 718 3354 intumos
739 3286 836 3380 poet.)
862 3283 1048 3380 legendum
1069 3306 1147 3356 esse
1164 3305 1231 3380 pro
1253 3305 1302 3356 nu
1323 3304 1464 3356 atomus

281 3408 332 3504 ιιι
343 3408 416 3503 jam
430 3428 535 3503 supra
548 3406 872 3479 demonstravimus
891 3407 1006 3480 Semel
1026 3430 1147 3480 rocem
1161 3408 1315 3503 aliquam
1328 3429 1371 3479 ex
1384 3429 1464 3480 uno

283 3555 385 3605 versu
407 3531 444 3603 in
465 3529 615 3603 alterum
641 3529 789 3627 recepit:
814 3556 845 3601 r.
866 3530 974 3607 1136.
1002 3531 1088 3602 ι1ιιιιι
1109 3531 1218 3604 ceteri
1236 3531 1288 3604 sic
1303 3529 1463 3619 habent:

288 3653 412 3728 street
426 3649 490 3723 sud
503 3666 574 3723 tcto
585 3674 652 3748 prr
666 3650 774 3724 dense
797 3649 941 3722 silentiu
958 3666 1085 3735 maran,
1102 3691 1125 3732 2
1142 3651 1266 3724 scribit
1275 3673 1345 3747 per
1357 3661 1469 3724 noeto

283 3773 449 3849 silantia:
467 3774 672 3845 uenissent
685 3772 721 3844 in
735 3771 921 3867 amhetppo
938 3784 1013 3843 erat
1027 3769 1065 3843 in
1079 3771 1287 3866 insequente
1300 3796 1333 3846 v.
1346 3772 1467 3863 1137,

284 3897 332 3969 ita
346 3910 386 3968 nt
399 3894 584 3968 aurtithcsis
597 3907 745 3969 exstaret
759 3894 944 3968 sederam
958 3910 1035 3968 tute
1053 3895 1245 3990 (mnam)
1263 3895 1416 3969 silentio
1429 3907 1471 3970 et

286 4021 398 4092 castis
414 4020 525 4090 ernis.

332 4140 456 4235 Neque
469 4138 565 4236 parsi
578 4139 744 4234 puiaderis
756 4152 843 4215 erat
859 4150 901 4211 ut
913 4139 1233 4214 dentonstrammus
1250 4141 1317 4215 has
1334 4140 1467 4218 taetio

286 4288 351 4342 urs
380 4264 469 4339 uiuit
495 4263 564 4337 nisi
582 4264 759 4337 scrilendi
780 4264 907 4337 ruenda
926 4287 1017 4343 esse.
1049 4289 1159 4361 quum
1184 4280 1309 4342 contra
1333 4269 1475 4367 Peiper

287 4390 365 4463 illas
398 4389 436 4461 in
468 4386 545 4483 ipso
572 4386 758 4484 archetypo
784 4386 892 4460 suis-e
925 4387 1043 4461 radat
1066 4402 1100 4460 et
1124 4400 1291 4486 unquam
1314 4405 1471 4488 pennata

290 4512 403 4609 ipsius
426 4508 580 4583 auctoris
597 4506 778 4605 inperitia
801 4508 984 4584 tnbnemla
1002 4524 1156 4593 censeat.
1174 4536 1225 4608 qn
1243 4514 1474 4610 apetium
