3472 5648
829 625 872 638 -
924 605 989 656 VIII
1041 625 1084 638 -

374 775 486 848 neque
504 755 632 826 nostris
648 753 792 826 fortasse
811 753 933 826 litteris
954 753 1097 826 omnino
1125 753 1256 843 inutile,
1276 777 1313 826 ea
1335 777 1410 850 quae
1435 755 1477 827 de
1502 777 1540 826 re

374 893 578 991 scripserint
606 893 698 987 apud
730 894 921 966 Germanos
950 895 1013 966 viri
1046 917 1189 965 summae
1222 893 1385 982 scientiae,
1422 895 1541 990 paucis

374 1035 517 1134 pagellis
534 1035 749 1107 contrahere.

424 1178 540 1262 Quum
560 1197 640 1247 vero
665 1176 811 1270 puderet
835 1176 974 1249 nonnisi
1011 1177 1140 1250 alienas
1169 1178 1357 1250 sententias
1399 1177 1540 1266 referre,

375 1316 684 1412 circumspeximus
700 1339 816 1388 nonne
829 1317 863 1390 in
882 1317 946 1389 hac
960 1317 1164 1392 illustranda
1181 1321 1370 1414 quaestione
1386 1321 1465 1392 novi
1480 1319 1541 1391 ali-

375 1459 459 1555 quid
477 1456 722 1552 inexplorativc
743 1479 925 1552 possemus
948 1457 1014 1554 ipsi
1028 1459 1299 1555 deprehendere.
1316 1459 1436 1554 Neque
1462 1482 1540 1554 spes

376 1599 522 1672 fefellit:
544 1596 711 1669 incitante
739 1596 832 1667 enim
858 1597 931 1670 viro
956 1598 1203 1689 eruditissimo,
1232 1600 1332 1694 cujus
1365 1599 1404 1671 de
1429 1610 1540 1672 morte

377 1761 489 1834 nuper
511 1746 627 1809 tantus
647 1736 804 1809 omnium
821 1737 936 1811 luctus
951 1741 1181 1834 supervenit¹,
1202 1740 1354 1813 sermoni
1370 1752 1472 1836 atque
1491 1740 1541 1812 rei

375 1880 529 1954 metricae
568 1876 732 1951 carminis
770 1878 879 1951 nostri
910 1881 1165 1976 perpendendis
1198 1882 1369 1955 acriorem
1401 1905 1567 1978 operam,

378 2021 548 2110 dedimus,
565 2029 667 2113 atque
689 2029 767 2114 post
787 2044 803 2088 o
827 2019 958 2114 largam
985 2043 1105 2092 curam
1124 2021 1169 2090 )>2
1196 2022 1337 2118 quidem
1358 2023 1459 2095 nobis
1478 2023 1544 2119 ipsi

378 2161 535 2234 videmur
553 2157 723 2231 rationem
743 2159 929 2253 quamdam
944 2157 1128 2248 invenisse,
1154 2181 1258 2253 quam
1285 2171 1404 2233 noster
1427 2161 1463 2233 in
1489 2163 1543 2234 in·

376 2301 543 2374 choandis
571 2298 751 2372 versiculis
774 2309 914 2372 secutus
932 2294 995 2388 sit,
1014 2311 1048 2372 et
1073 2322 1149 2394 quae
1174 2303 1287 2375 omnis
1312 2303 1349 2374 in
1370 2317 1544 2377 concentu

378 2442 529 2538 quodam
542 2441 729 2514 verborum
743 2451 908 2514 versetur.

425 2584 474 2655 Ex
499 2585 562 2655 hac
589 2605 670 2656 vero
698 2582 831 2654 ratione
862 2583 1007 2678 contigit
1034 2594 1159 2679 praeter
1183 2606 1292 2680 spem,
1314 2594 1479 2681 tanquam
1503 2611 1542 2659 ex

380 2724 486 2814 fonte,
503 2747 590 2797 nova
608 2734 811 2819 argumenta
826 2724 965 2798 haurire
980 2725 1023 2798 de
1037 2734 1142 2814 textu,
1159 2724 1202 2797 de
1222 2749 1293 2799 aevo
1313 2725 1485 2819 codicum,
1502 2729 1545 2802 de

380 2876 533 2957 auctore,
554 2876 620 2940 etc.

428 3008 590 3081 Nostram
613 3030 695 3102 ergo
719 3006 1010 3097 dissertationem,
1038 3006 1067 3079 si
1086 3007 1248 3103 placebit,
1266 3009 1303 3080 in
1329 3009 1416 3083 duas
1430 3023 1547 3107 partes
1601 3001 1606 3009 ⁴

380 3149 590 3223 dividemus:
607 3148 749 3223 alteram
764 3149 808 3221 de
822 3149 897 3246 ipsa
911 3148 1038 3239 fabula,
1056 3149 1199 3221 alteram
1215 3149 1257 3222 de
1272 3151 1439 3224 carmine.

430 3291 469 3362 ln
484 3291 611 3386 priore,
627 3299 811 3386 postquam
827 3288 1030 3384 superstites
1046 3287 1197 3380 codices,
1219 3299 1253 3361 et
1275 3313 1491 3386 quaecunque
1506 3293 1549 3364 de

382 3456 420 3506 re
444 3432 570 3530 scripta
591 3432 751 3527 editaque
770 3430 909 3519 suerint,
933 3429 1262 3521 enumeraverimus,
1288 3430 1425 3505 brevius
1444 3457 1547 3530 argu-

382 3584 539 3647 mentum
566 3572 692 3646 Iabulae
712 3596 939 3669 exponemus;
970 3571 1096 3645 deinde
1118 3571 1390 3647 monstrabimus
1410 3598 1485 3669 quae
1506 3578 1550 3649 sit

383 3715 509 3788 fabulae
524 3738 604 3788 cum
628 3714 704 3787 aliis
727 3713 934 3808 germanicis
957 3713 1091 3786 labellis
1111 3714 1281 3808 cognatio,
1303 3737 1379 3809 quae
1398 3715 1549 3812 denique

383 3858 496 3953 origo;
522 3868 708 3953 postremo
735 3879 842 3950 quum
868 3854 998 3928 diutius
1025 3855 1280 3952 incompertum
1299 3856 1404 3929 fuerit
1427 3857 1462 3928 in
1484 3881 1550 3952 qua

383 3999 523 4095 regione
548 3997 664 4070 sabula
691 4008 822 4092 agatur,
844 3997 975 4093 aliquot
995 3997 1137 4094 pagellae
1163 3995 1366 4090 adjiciendae
1390 4011 1492 4071 erum
1507 3999 1549 4072 de

382 4140 459 4212 loco
473 4139 534 4212 ubi
549 4140 651 4212 heros
666 4150 786 4213 noster
799 4163 880 4213 cum
894 4139 1056 4212 hostibus
1067 4139 1283 4235 pugnaverit.

432 4282 471 4353 ln
496 4281 689 4378 posteriore
712 4290 810 4378 parte
830 4291 946 4354 autem
968 4281 1210 4378 perquiremus
1230 4279 1343 4376 primo
1370 4280 1479 4375 qualis
1505 4283 1549 4355 sit

420 4519 443 4568 t.
460 4515 523 4567 Prot.
538 4514 565 4566 h.
581 4515 758 4568 Darmesteter.

418 4617 441 4666 ἱ).
458 4612 583 4676 Prologus,
599 4627 621 4665 v.
642 4615 682 4665 to.
