3488 5656
589 1131 751 1224 PARS
792 1131 1035 1222 autaut

715 1636 862 1712 CAPUT
888 1637 914 1712 Ι.

470 1874 472 1879 ·
537 1862 591 1914 ua
631 1860 844 1915 POEMATIS
888 1861 1124 1916 sannaus„
1190 1842 1279 1935 *T'j'*

280 2181 319 2253 ln
345 2180 387 2254 iis
414 2202 491 2276 quae
516 2179 726 2279 antecedunt
755 2176 890 2276 paginis
910 2187 1068 2256 naturam
1097 2187 1130 2252 et
1155 2177 1325 2276 originem
1348 2181 1398 2252 s-

232 2295 334 2396 bulae,
352 2305 507 2379 indolem
525 2316 559 2378 et
574 2327 689 2378 mores
710 2306 857 2378 heroum
872 2300 1123 2400 indagavimus.
1137 2304 1177 2377 ln
1192 2303 1234 2378 iis
1250 2328 1325 2401 quae
1341 2328 1395 2379 se-

233 2440 402 2526 quuntur,
423 2429 555 2530 deipse
574 2427 739 2516 carmine,
753 2427 795 2500 de
807 2427 913 2500 latina
924 2449 1084 2506 sermone
1100 2439 1133 2500 et
1147 2427 1189 2500 de
1205 2450 1242 2499 re
1253 2427 1396 2502 metrica

232 2578 298 2650 qua
316 2565 437 2628 auctor
453 2577 537 2628 usus
557 2554 612 2647 sit,
632 2562 808 2651 postremo
829 2552 871 2624 de
889 2552 965 2649 ipso
981 2565 1121 2626 auctore
1141 2554 1393 2628 disserendum.

280 2677 394 2774 Atque
426 2678 501 2751 hacc
531 2676 672 2773 vestigia
703 2674 938 2748 scrutantibus
971 2675 1063 2749 ultro
1091 2686 1281 2750 occurrunt
1309 2698 1393 2750 nava

230 2802 429 2876 testimonia
450 2803 492 2875 de
514 2800 647 2894 origine
673 2797 847 2874 carminis.
863 2799 990 2894 Ingens
1009 2798 1102 2872 enim
1117 2810 1168 2872 est
1189 2798 1286 2896 capia
1302 2799 1395 2875 laco-

232 2949 331 3016 rum,
359 2924 543 3020 inquibus
567 2924 595 2997 si
623 2923 769 2997 latinum
795 2922 893 3017 quasi
917 2923 1083 2997 corticem
1107 2923 1302 3020 scalpseriS,
1318 2948 1395 3021 ger-

230 3050 406 3122 manicum
425 3048 564 3122 dicendi
580 3048 723 3122 mudum
735 3047 904 3121 invenias.

280 3177 435 3262 Quarum
457 3184 491 3246 et
510 3172 726 3246 locutionum
744 3183 777 3246 et
800 3195 923 3247 vocum
943 3197 1019 3269 quae
1041 3197 1183 3271 prorsus
1203 3198 1242 3247 ex
1261 3198 1395 3272 germa-

232 3299 308 3374 nica
330 3300 448 3395 lingua
470 3298 644 3371 translatae
668 3308 766 3387 sunt,
795 3320 902 3394 quum
921 3295 1055 3370 Grimm
1080 3307 1114 3371 et
1135 3297 1268 3394 Geyder
1295 3301 1393 3396 plura

230 3424 408 3498 attulerint
424 3422 590 3521 exempla,
614 3422 723 3496 sicut:
744 3447 773 3495 v,
786 3422 870 3510 tm,
890 3421 1076 3495 laudabitis
1095 3423 1205 3510 terea,
1222 3424 1286 3496 'der
1306 3424 1393 3498 tebe-

229 3547 316 3622 aaa
331 3545 451 3632 reclce,·
466 3572 495 3620 v.
511 3546 595 3636 658,
613 3545 1161 3642 (1111111111,εοίιαιίοηὺνίηφεη,
1175 3572 1204 3620 v.
1217 3546 1394 3644 attacta

228 3673 315 3745 talia
328 3673 414 3759 aaut,
424 3671 553 3744 soleta
570 3671 705 3744 erlebea
715 3696 727 3756 ,·
740 3695 770 3743 v.
783 3671 866 3761 101,
879 3672 939 3743 aia
955 3672 1070 3768 erupit
1081 3694 1169 3758 cras
1180 3672 1241 3745 der
1256 3673 1394 3769 Maraeu

229 3797 333 3871 bracla
355 3820 402 3870 aa
412 3821 424 3882 ,·
445 3822 475 3869 v.
499 3796 581 3883 857,
602 3797 713 3890 lances
735 3797 930 3883 insatiatus,
951 3818 1056 3869 masc.
1075 3797 1212 3891 generis
1237 3797 1332 3894 (quia
1356 3797 1393 3870 in

228 3923 428 4019 germanica
453 3922 515 3996 der
538 3922 679 4019 Haaqer
701 3922 935 3996 masculinum
949 3920 992 4017 1);
1012 3946 1041 3994 v.
1063 3922 1171 4012 1157,
1198 3921 1394 3994 obtiviscar

227 4051 308 4145 ecit,
345 4071 384 4120 er
415 4050 547 4120 mactate
578 4042 800 4142 carucatam,
838 4044 939 4119 liceat
970 4044 1071 4124 uobis
1100 4067 1210 4142 pauca
1244 4045 1389 4118 addere:

229 4197 258 4246 v.
282 4172 395 4264 1113,
419 4148 637 4268 corrumpere
652 4170 769 4266 fidem,
790 4169 856 4243 dea
879 4170 949 4244 Ea'd
969 4170 1112 4244 bractea
1136 4170 1195 4268 (ci.
1225 4197 1256 4242 v.
1282 4172 1390 4262 4259,

230 4296 395 4370 abradere
404 4296 510 4392 fidem
521 4308 555 4370 et
567 4320 594 4370 v.
606 4295 714 4384 aaut,
730 4294 929 4392 abscindere
939 4294 1055 4391 fidem)
1068 4322 1078 4385 ;
1093 4320 1123 4368 v.
1141 4295 1224 4386 sat,
1240 4300 1392 4370 anterior

266 4532 289 4587 1,
305 4528 355 4579 Nisi
369 4529 432 4578 torta
445 4531 591 4580 insatiatus
604 4530 635 4580 ad
648 4533 741 4579 acrtca
755 4529 912 4581 trahendum.

263 4629 288 4679 2.
305 4625 405 4693 Grimm,
426 4624 598 4691 Watttrara'uc,
614 4640 639 4689 p.
657 4631 689 4680 68
705 4642 745 4692 sq.
762 4627 867 4696 Geydcr,
878 4625 993 4693 Haupt's
1006 4628 1170 4694 zeitschrift,
1184 4628 1227 4697 111,
1245 4631 1303 4684 153.
