<?xml version="1.0" encoding="UTF-8"?>
<!DOCTYPE html PUBLIC "-//W3C//DTD XHTML 1.0 Transitional//EN"
    "http://www.w3.org/TR/xhtml1/DTD/xhtml1-transitional.dtd">
<html xmlns="http://www.w3.org/1999/xhtml" xml:lang="en" lang="en">
 <head>
  <title>
</title>
<meta http-equiv="Content-Type" content="text/html;charset=utf-8" />
  <meta name='ocr-system' content='tesseract 3.04.00' />
  <meta name='ocr-capabilities' content='ocr_page ocr_carea ocr_par ocr_line ocrx_word'/>
</head>
<body>
  <div class='ocr_page' id='page_1' title='image "./depoematelatino00schwgoog_0094.png"; bbox 0 0 3472 5648; ppageno 0'>
   <div class='ocr_carea' id='block_1_1' title="bbox 750 589 991 664">
    <p class='ocr_par' dir='ltr' id='par_1_1' title="bbox 750 589 991 664">
     <span class='ocr_line' id='line_1_1' title="bbox 750 589 991 664; baseline 0.008 -23"><span class='ocrx_word' id='word_1_1' title='bbox 750 589 991 664; x_wconf 78' lang='lat'>..59-</span> 
     </span>
    </p>
   </div>
   <div class='ocr_carea' id='block_1_2' title="bbox 284 755 1453 1197">
    <p class='ocr_par' dir='ltr' id='par_1_2' title="bbox 284 755 1453 1197">
     <span class='ocr_line' id='line_1_2' title="bbox 285 755 1451 868; baseline 0.003 -41"><span class='ocrx_word' id='word_1_2' title='bbox 285 755 368 839; x_wconf 80' lang='lat'>988,</span> <span class='ocrx_word' id='word_1_3' title='bbox 392 776 550 850; x_wconf 72' lang='lat' dir='ltr'>posuere</span> <span class='ocrx_word' id='word_1_4' title='bbox 574 756 819 851; x_wconf 74' lang='lat' dir='ltr'>triumphum·</span> <span class='ocrx_word' id='word_1_5' title='bbox 845 757 952 846; x_wconf 73' lang='lat' dir='ltr'>ttot,</span> <span class='ocrx_word' id='word_1_6' title='bbox 969 757 1193 868; x_wconf 71' lang='lat' dir='ltr'>crepitantia</span> <span class='ocrx_word' id='word_1_7' title='bbox 1215 757 1451 852; x_wconf 72' lang='lat' dir='ltr'>[canonico-</span> 
     </span>
     <span class='ocr_line' id='line_1_3' title="bbox 285 877 1453 977; baseline 0.004 -28"><span class='ocrx_word' id='word_1_8' title='bbox 285 898 396 963; x_wconf 68' lang='lat' dir='ltr'>rom·</span> <span class='ocrx_word' id='word_1_9' title='bbox 415 877 522 966; x_wconf 76' lang='grc'>1313,</span> <span class='ocrx_word' id='word_1_10' title='bbox 545 877 616 950; x_wconf 81' lang='lat' dir='ltr'>illoc</span> <span class='ocrx_word' id='word_1_11' title='bbox 632 899 742 950; x_wconf 80' lang='lat' dir='ltr'>ntorc</span> <span class='ocrx_word' id='word_1_12' title='bbox 757 879 1036 974; x_wconf 64' lang='lat' dir='ltr'>prepeditum...</span> <span class='ocrx_word' id='word_1_13' title='bbox 1057 890 1255 975; x_wconf 67' lang='lat' dir='ltr'>prouocat·</span> <span class='ocrx_word' id='word_1_14' title='bbox 1276 880 1359 970; x_wconf 73' lang='lat' dir='ltr'>dbl,</span> <span class='ocrx_word' id='word_1_15' title='bbox 1374 886 1453 977; x_wconf 79' lang='lat' dir='ltr'>plo·</span> 
     </span>
     <span class='ocr_line' id='line_1_4' title="bbox 284 1001 1453 1098; baseline 0.003 -26"><span class='ocrx_word' id='word_1_16' title='bbox 284 1022 419 1072; x_wconf 81' lang='lat' dir='ltr'>merore</span> <span class='ocrx_word' id='word_1_17' title='bbox 452 1001 658 1086; x_wconf 64' lang='lat' dir='ltr'>colornium·</span> <span class='ocrx_word' id='word_1_18' title='bbox 688 1001 770 1090; x_wconf 82' lang='lat'>859,</span> <span class='ocrx_word' id='word_1_19' title='bbox 801 1005 920 1074; x_wconf 78' lang='lat' dir='ltr'>cotton</span> <span class='ocrx_word' id='word_1_20' title='bbox 947 1003 1120 1098; x_wconf 59' lang='lat' dir='ltr'>platinas·</span> <span class='ocrx_word' id='word_1_21' title='bbox 1154 1002 1262 1091; x_wconf 79' lang='lat' dir='ltr'>lt73,</span> <span class='ocrx_word' id='word_1_22' title='bbox 1297 1005 1453 1076; x_wconf 80' lang='lat' dir='ltr'>rutilum</span> 
     </span>
     <span class='ocr_line' id='line_1_5' title="bbox 285 1123 466 1197; baseline 0.006 -3"><span class='ocrx_word' id='word_1_23' title='bbox 285 1123 466 1197; x_wconf 83' lang='lat' dir='ltr'>blondum.</span> 
     </span>
    </p>
   </div>
   <div class='ocr_carea' id='block_1_3' title="bbox 283 1247 1452 2091">
    <p class='ocr_par' dir='ltr' id='par_1_3' title="bbox 283 1247 1452 2091">
     <span class='ocr_line' id='line_1_6' title="bbox 335 1247 1450 1347; baseline 0.003 -27"><span class='ocrx_word' id='word_1_24' title='bbox 335 1247 402 1320; x_wconf 86' lang='lat' dir='ltr'>Sed</span> <span class='ocrx_word' id='word_1_25' title='bbox 411 1248 482 1343; x_wconf 89' lang='lat' dir='ltr'>jam</span> <span class='ocrx_word' id='word_1_26' title='bbox 495 1249 538 1322; x_wconf 90' lang='lat' dir='ltr'>de</span> <span class='ocrx_word' id='word_1_27' title='bbox 549 1249 815 1345; x_wconf 83' lang='lat' dir='ltr'>pronuntiandis</span> <span class='ocrx_word' id='word_1_28' title='bbox 828 1249 1035 1344; x_wconf 89' lang='lat' dir='ltr'>quibusdam</span> <span class='ocrx_word' id='word_1_29' title='bbox 1050 1248 1174 1322; x_wconf 88' lang='lat' dir='ltr'>litteris</span> <span class='ocrx_word' id='word_1_30' title='bbox 1184 1248 1281 1347; x_wconf 89' lang='lat' dir='ltr'>plura</span> <span class='ocrx_word' id='word_1_31' title='bbox 1293 1249 1450 1323; x_wconf 88' lang='lat' dir='ltr'>dicenda.</span> 
     </span>
     <span class='ocr_line' id='line_1_7' title="bbox 286 1372 1452 1471; baseline 0.003 -28"><span class='ocrx_word' id='word_1_32' title='bbox 286 1372 324 1444; x_wconf 92' lang='lat' dir='ltr'>lu</span> <span class='ocrx_word' id='word_1_33' title='bbox 342 1372 510 1447; x_wconf 84' lang='lat' dir='ltr'>vocalium</span> <span class='ocrx_word' id='word_1_34' title='bbox 529 1373 652 1446; x_wconf 82' lang='lat' dir='ltr'>ordine</span> <span class='ocrx_word' id='word_1_35' title='bbox 671 1395 776 1449; x_wconf 92' lang='lat' dir='ltr'>sonos</span> <span class='ocrx_word' id='word_1_36' title='bbox 800 1373 1007 1470; x_wconf 90' lang='lat' dir='ltr'>conjunctos</span> <span class='ocrx_word' id='word_1_37' title='bbox 1029 1372 1189 1457; x_wconf 90' lang='lat' dir='ltr'>vidimus,</span> <span class='ocrx_word' id='word_1_38' title='bbox 1217 1395 1286 1446; x_wconf 92' lang='lat' dir='ltr'>non</span> <span class='ocrx_word' id='word_1_39' title='bbox 1306 1395 1452 1471; x_wconf 86' lang='lat' dir='ltr'>prorsus</span> 
     </span>
     <span class='ocr_line' id='line_1_8' title="bbox 286 1496 1452 1594; baseline 0.002 -26"><span class='ocrx_word' id='word_1_40' title='bbox 286 1498 439 1586; x_wconf 84' lang='lat' dir='ltr'>eosdem,</span> <span class='ocrx_word' id='word_1_41' title='bbox 456 1497 517 1571; x_wconf 90' lang='lat' dir='ltr'>sed</span> <span class='ocrx_word' id='word_1_42' title='bbox 538 1496 668 1570; x_wconf 84' lang='lat' dir='ltr'>similes</span> <span class='ocrx_word' id='word_1_43' title='bbox 693 1497 862 1594; x_wconf 74' lang='lat' dir='ltr'>(liticare</span> <span class='ocrx_word' id='word_1_44' title='bbox 885 1497 1115 1592; x_wconf 75' lang='lat' dir='ltr'>Aiptoridco,</span> <span class='ocrx_word' id='word_1_45' title='bbox 1131 1497 1230 1572; x_wconf 82' lang='lat' dir='ltr'>Hoec</span> <span class='ocrx_word' id='word_1_46' title='bbox 1254 1499 1319 1571; x_wconf 79' lang='lat' dir='ltr'>crit</span> <span class='ocrx_word' id='word_1_47' title='bbox 1340 1511 1452 1594; x_wconf 76' lang='lat' dir='ltr'>atquc</span> 
     </span>
     <span class='ocr_line' id='line_1_9' title="bbox 285 1620 1451 1717; baseline 0 -23"><span class='ocrx_word' id='word_1_48' title='bbox 285 1620 435 1717; x_wconf 79' lang='lat' dir='ltr'>oculos).</span> <span class='ocrx_word' id='word_1_49' title='bbox 458 1621 577 1695; x_wconf 86' lang='lat' dir='ltr'>Simile</span> <span class='ocrx_word' id='word_1_50' title='bbox 593 1620 722 1717; x_wconf 91' lang='lat' dir='ltr'>aliquid</span> <span class='ocrx_word' id='word_1_51' title='bbox 739 1621 845 1696; x_wconf 89' lang='lat' dir='ltr'>babes</span> <span class='ocrx_word' id='word_1_52' title='bbox 860 1620 896 1693; x_wconf 91' lang='lat' dir='ltr'>in</span> <span class='ocrx_word' id='word_1_53' title='bbox 914 1621 1181 1695; x_wconf 89' lang='lat' dir='ltr'>consonantium</span> <span class='ocrx_word' id='word_1_54' title='bbox 1196 1621 1329 1695; x_wconf 87' lang='lat' dir='ltr'>ordine.</span> <span class='ocrx_word' id='word_1_55' title='bbox 1342 1621 1451 1694; x_wconf 87' lang='lat' dir='ltr'>Nemo</span> 
     </span>
     <span class='ocr_line' id='line_1_10' title="bbox 287 1744 1450 1842; baseline 0 -26"><span class='ocrx_word' id='word_1_56' title='bbox 287 1754 338 1816; x_wconf 88' lang='lat' dir='ltr'>cst</span> <span class='ocrx_word' id='word_1_57' title='bbox 364 1767 468 1840; x_wconf 88' lang='lat' dir='ltr'>quem</span> <span class='ocrx_word' id='word_1_58' title='bbox 486 1744 573 1841; x_wconf 77' lang='lat' dir='ltr'>sugit</span> <span class='ocrx_word' id='word_1_59' title='bbox 593 1744 644 1818; x_wconf 86' lang='lat' dir='ltr'>lex</span> <span class='ocrx_word' id='word_1_60' title='bbox 666 1744 723 1816; x_wconf 87' lang='lat' dir='ltr'>illa</span> <span class='ocrx_word' id='word_1_61' title='bbox 747 1767 766 1817; x_wconf 86' lang='lat' dir='ltr'>a</span> <span class='ocrx_word' id='word_1_62' title='bbox 786 1744 919 1820; x_wconf 90' lang='lat' dir='ltr'>Grimm</span> <span class='ocrx_word' id='word_1_63' title='bbox 940 1755 1127 1842; x_wconf 86' lang='lat' dir='ltr'>comperta,</span> <span class='ocrx_word' id='word_1_64' title='bbox 1152 1745 1196 1818; x_wconf 91' lang='lat' dir='ltr'>de</span> <span class='ocrx_word' id='word_1_65' title='bbox 1213 1745 1348 1819; x_wconf 90' lang='lat' dir='ltr'>vicibus</span> <span class='ocrx_word' id='word_1_66' title='bbox 1371 1768 1450 1816; x_wconf 94' lang='lat' dir='ltr'>mu·</span> 
     </span>
     <span class='ocr_line' id='line_1_11' title="bbox 284 1867 1451 1966; baseline 0 -28"><span class='ocrx_word' id='word_1_67' title='bbox 284 1877 399 1940; x_wconf 88' lang='lat' dir='ltr'>tarum</span> <span class='ocrx_word' id='word_1_68' title='bbox 413 1867 785 1966; x_wconf 79' lang='lat' dir='ltr'>(Lcntncrrcltiebntp).</span> <span class='ocrx_word' id='word_1_69' title='bbox 796 1869 894 1954; x_wconf 85' lang='lat' dir='ltr'>Quod</span> <span class='ocrx_word' id='word_1_70' title='bbox 906 1892 1017 1966; x_wconf 84' lang='lat' dir='ltr'>genus</span> <span class='ocrx_word' id='word_1_71' title='bbox 1033 1891 1211 1959; x_wconf 88' lang='lat' dir='ltr'>sonorum,</span> <span class='ocrx_word' id='word_1_72' title='bbox 1224 1891 1332 1965; x_wconf 92' lang='lat' dir='ltr'>quum</span> <span class='ocrx_word' id='word_1_73' title='bbox 1344 1867 1451 1942; x_wconf 88' lang='lat' dir='ltr'>semel</span> 
     </span>
     <span class='ocr_line' id='line_1_12' title="bbox 283 1992 1450 2091; baseline 0.003 -28"><span class='ocrx_word' id='word_1_74' title='bbox 283 1992 534 2088; x_wconf 81' lang='lat' dir='ltr'>antiquissimis</span> <span class='ocrx_word' id='word_1_75' title='bbox 561 1993 789 2091; x_wconf 82' lang='lat' dir='ltr'>temporibus,</span> <span class='ocrx_word' id='word_1_76' title='bbox 811 2004 884 2066; x_wconf 92' lang='lat' dir='ltr'>tum</span> <span class='ocrx_word' id='word_1_77' title='bbox 910 1992 1036 2068; x_wconf 89' lang='lat' dir='ltr'>iterum</span> <span class='ocrx_word' id='word_1_78' title='bbox 1056 1994 1093 2066; x_wconf 93' lang='lat' dir='ltr'>in</span> <span class='ocrx_word' id='word_1_79' title='bbox 1112 1992 1364 2091; x_wconf 90' lang='lat' dir='ltr'>posterioribus</span> <span class='ocrx_word' id='word_1_80' title='bbox 1386 2015 1450 2066; x_wconf 71' lang='lat' dir='ltr'>sae-</span> 
     </span>
    </p>
   </div>
   <div class='ocr_carea' id='block_1_4' title="bbox 285 2114 1558 2215">
    <p class='ocr_par' dir='ltr' id='par_1_4' title="bbox 285 2114 1558 2215">
     <span class='ocr_line' id='line_1_13' title="bbox 285 2114 1558 2215; baseline 0.002 -27"><span class='ocrx_word' id='word_1_81' title='bbox 285 2115 384 2206; x_wconf 87' lang='lat' dir='ltr'>culis,</span> <span class='ocrx_word' id='word_1_82' title='bbox 402 2116 448 2190; x_wconf 88' lang='lat' dir='ltr'>ita</span> <span class='ocrx_word' id='word_1_83' title='bbox 462 2128 634 2191; x_wconf 87' lang='lat' dir='ltr'>mutatum</span> <span class='ocrx_word' id='word_1_84' title='bbox 658 2129 721 2209; x_wconf 89' lang='lat' dir='ltr'>est,</span> <span class='ocrx_word' id='word_1_85' title='bbox 742 2128 781 2190; x_wconf 92' lang='lat' dir='ltr'>ut</span> <span class='ocrx_word' id='word_1_86' title='bbox 802 2128 925 2191; x_wconf 89' lang='lat' dir='ltr'>tenues</span> <span class='ocrx_word' id='word_1_87' title='bbox 943 2119 979 2190; x_wconf 93' lang='lat' dir='ltr'>in</span> <span class='ocrx_word' id='word_1_88' title='bbox 995 2118 1153 2214; x_wconf 80' lang='lat' dir='ltr'>spiratus,</span> <span class='ocrx_word' id='word_1_89' title='bbox 1174 2117 1311 2215; x_wconf 88' lang='lat' dir='ltr'>spiratae</span> <span class='ocrx_word' id='word_1_90' title='bbox 1325 2117 1361 2188; x_wconf 92' lang='lat' dir='ltr'>in</span> <span class='ocrx_word' id='word_1_91' title='bbox 1378 2139 1450 2190; x_wconf 90' lang='lat' dir='ltr'>me·</span> <span class='ocrx_word' id='word_1_92' title='bbox 1554 2114 1558 2121; x_wconf 79' lang='lat'>&#39;</span> 
     </span>
    </p>
   </div>
   <div class='ocr_carea' id='block_1_5' title="bbox 284 2239 1470 3582">
    <p class='ocr_par' dir='ltr' id='par_1_5' title="bbox 284 2239 1470 3310">
     <span class='ocr_line' id='line_1_14' title="bbox 284 2239 1452 2338; baseline 0.001 -26"><span class='ocrx_word' id='word_1_93' title='bbox 284 2239 370 2330; x_wconf 86' lang='lat' dir='ltr'>dios,</span> <span class='ocrx_word' id='word_1_94' title='bbox 389 2240 512 2315; x_wconf 85' lang='lat' dir='ltr'>mediae</span> <span class='ocrx_word' id='word_1_95' title='bbox 526 2241 563 2313; x_wconf 94' lang='lat' dir='ltr'>in</span> <span class='ocrx_word' id='word_1_96' title='bbox 577 2252 700 2316; x_wconf 88' lang='lat' dir='ltr'>tenues</span> <span class='ocrx_word' id='word_1_97' title='bbox 717 2242 915 2316; x_wconf 82' lang='lat' dir='ltr'>transirent.</span> <span class='ocrx_word' id='word_1_98' title='bbox 933 2242 1053 2338; x_wconf 88' lang='lat' dir='ltr'>Neque</span> <span class='ocrx_word' id='word_1_99' title='bbox 1069 2264 1151 2315; x_wconf 88' lang='lat' dir='ltr'>vero</span> <span class='ocrx_word' id='word_1_100' title='bbox 1165 2243 1239 2316; x_wconf 87' lang='lat' dir='ltr'>haec</span> <span class='ocrx_word' id='word_1_101' title='bbox 1254 2242 1378 2316; x_wconf 86' lang='lat' dir='ltr'>rotatio</span> <span class='ocrx_word' id='word_1_102' title='bbox 1399 2241 1452 2338; x_wconf 80' lang='lat' dir='ltr'>(ut</span> 
     </span>
     <span class='ocr_line' id='line_1_15' title="bbox 285 2366 1451 2465; baseline 0.003 -28"><span class='ocrx_word' id='word_1_103' title='bbox 285 2388 353 2460; x_wconf 90' lang='lat' dir='ltr'>quo</span> <span class='ocrx_word' id='word_1_104' title='bbox 369 2367 596 2462; x_wconf 81' lang='lat' dir='ltr'>grammatici,</span> <span class='ocrx_word' id='word_1_105' title='bbox 612 2368 676 2465; x_wconf 91' lang='lat' dir='ltr'>ipsi</span> <span class='ocrx_word' id='word_1_106' title='bbox 693 2366 1022 2464; x_wconf 80' lang='lat' dir='ltr'>utamurvooabulol</span> <span class='ocrx_word' id='word_1_107' title='bbox 1035 2368 1069 2440; x_wconf 94' lang='lat' dir='ltr'>in</span> <span class='ocrx_word' id='word_1_108' title='bbox 1084 2368 1247 2441; x_wconf 89' lang='lat' dir='ltr'>omnibus</span> <span class='ocrx_word' id='word_1_109' title='bbox 1258 2367 1451 2443; x_wconf 76' lang='lat' dir='ltr'>Germaniae</span> 
     </span>
     <span class='ocr_line' id='line_1_16' title="bbox 285 2475 1450 2589; baseline 0.001 -28"><span class='ocrx_word' id='word_1_110' title='bbox 285 2490 499 2584; x_wconf 84' lang='lat' dir='ltr'>regionibus,</span> <span class='ocrx_word' id='word_1_111' title='bbox 520 2493 630 2566; x_wconf 91' lang='lat' dir='ltr'>sedin</span> <span class='ocrx_word' id='word_1_112' title='bbox 647 2492 730 2566; x_wconf 92' lang='lat' dir='ltr'>solis</span> <span class='ocrx_word' id='word_1_113' title='bbox 746 2475 983 2589; x_wconf 83' lang='lat' dir='ltr'>superioribus</span> <span class='ocrx_word' id='word_1_114' title='bbox 1005 2493 1126 2566; x_wconf 79' lang='lat' dir='ltr'>ellectu</span> <span class='ocrx_word' id='word_1_115' title='bbox 1144 2505 1207 2584; x_wconf 88' lang='lat' dir='ltr'>est,</span> <span class='ocrx_word' id='word_1_116' title='bbox 1228 2505 1263 2566; x_wconf 91' lang='lat' dir='ltr'>et</span> <span class='ocrx_word' id='word_1_117' title='bbox 1280 2491 1387 2589; x_wconf 90' lang='lat' dir='ltr'>(quod</span> <span class='ocrx_word' id='word_1_118' title='bbox 1406 2490 1450 2563; x_wconf 88' lang='lat' dir='ltr'>ad</span> 
     </span>
     <span class='ocr_line' id='line_1_17' title="bbox 285 2612 1449 2713; baseline 0.001 -28"><span class='ocrx_word' id='word_1_119' title='bbox 285 2612 502 2710; x_wconf 91' lang='lat' dir='ltr'>propositum</span> <span class='ocrx_word' id='word_1_120' title='bbox 526 2626 684 2689; x_wconf 91' lang='lat' dir='ltr'>nostrum</span> <span class='ocrx_word' id='word_1_121' title='bbox 711 2614 849 2689; x_wconf 86' lang='lat' dir='ltr'>maximi</span> <span class='ocrx_word' id='word_1_122' title='bbox 870 2626 922 2689; x_wconf 90' lang='lat' dir='ltr'>est</span> <span class='ocrx_word' id='word_1_123' title='bbox 945 2616 1126 2713; x_wconf 85' lang='lat' dir='ltr'>momenti)</span> <span class='ocrx_word' id='word_1_124' title='bbox 1151 2617 1185 2690; x_wconf 93' lang='lat' dir='ltr'>in</span> <span class='ocrx_word' id='word_1_125' title='bbox 1209 2616 1278 2690; x_wconf 92' lang='lat' dir='ltr'>illis</span> <span class='ocrx_word' id='word_1_126' title='bbox 1302 2637 1449 2712; x_wconf 81' lang='lat' dir='ltr'>praeser-</span> 
     </span>
     <span class='ocr_line' id='line_1_18' title="bbox 287 2736 1448 2833; baseline 0.003 -26"><span class='ocrx_word' id='word_1_127' title='bbox 287 2736 346 2808; x_wconf 91' lang='lat' dir='ltr'>tim</span> <span class='ocrx_word' id='word_1_128' title='bbox 372 2759 449 2833; x_wconf 86' lang='lat' dir='ltr'>quae</span> <span class='ocrx_word' id='word_1_129' title='bbox 475 2738 519 2813; x_wconf 87' lang='lat' dir='ltr'>ab</span> <span class='ocrx_word' id='word_1_130' title='bbox 550 2737 726 2812; x_wconf 82' lang='lat' dir='ltr'>Alamanis</span> <span class='ocrx_word' id='word_1_131' title='bbox 756 2739 1007 2814; x_wconf 86' lang='lat' dir='ltr'>incolebantur.</span> <span class='ocrx_word' id='word_1_132' title='bbox 1041 2741 1080 2814; x_wconf 96' lang='lat' dir='ltr'>ln</span> <span class='ocrx_word' id='word_1_133' title='bbox 1110 2738 1286 2813; x_wconf 78' lang='lat' dir='ltr'>Alamania</span> <span class='ocrx_word' id='word_1_134' title='bbox 1320 2749 1448 2829; x_wconf 86' lang='lat' dir='ltr'>autem,</span> 
     </span>
     <span class='ocr_line' id='line_1_19' title="bbox 285 2860 1451 2957; baseline 0.003 -25"><span class='ocrx_word' id='word_1_135' title='bbox 285 2883 409 2957; x_wconf 88' lang='lat' dir='ltr'>nempe</span> <span class='ocrx_word' id='word_1_136' title='bbox 433 2860 469 2934; x_wconf 91' lang='lat' dir='ltr'>in</span> <span class='ocrx_word' id='word_1_137' title='bbox 494 2862 661 2937; x_wconf 84' lang='lat' dir='ltr'>helvetioo</span> <span class='ocrx_word' id='word_1_138' title='bbox 687 2863 847 2937; x_wconf 78' lang='lat' dir='ltr'>coenobio</span> <span class='ocrx_word' id='word_1_139' title='bbox 868 2865 986 2938; x_wconf 85' lang='lat' dir='ltr'>Sancti</span> <span class='ocrx_word' id='word_1_140' title='bbox 1005 2865 1104 2955; x_wconf 85' lang='lat' dir='ltr'>Galli,</span> <span class='ocrx_word' id='word_1_141' title='bbox 1120 2876 1158 2936; x_wconf 91' lang='lat' dir='ltr'>ut</span> <span class='ocrx_word' id='word_1_142' title='bbox 1174 2864 1262 2936; x_wconf 85' lang='lat' dir='ltr'>inira</span> <span class='ocrx_word' id='word_1_143' title='bbox 1284 2874 1451 2936; x_wconf 87' lang='lat' dir='ltr'>monstra·</span> 
     </span>
     <span class='ocr_line' id='line_1_20' title="bbox 284 2985 1449 3086; baseline 0.003 -29"><span class='ocrx_word' id='word_1_144' title='bbox 284 2985 410 3075; x_wconf 88' lang='lat' dir='ltr'>bimus,</span> <span class='ocrx_word' id='word_1_145' title='bbox 435 3009 575 3060; x_wconf 88' lang='lat' dir='ltr'>carmen</span> <span class='ocrx_word' id='word_1_146' title='bbox 594 2999 753 3062; x_wconf 88' lang='lat' dir='ltr'>nostrum</span> <span class='ocrx_word' id='word_1_147' title='bbox 774 2992 1016 3086; x_wconf 90' lang='lat' dir='ltr'>compositum,</span> <span class='ocrx_word' id='word_1_148' title='bbox 1036 3003 1071 3063; x_wconf 91' lang='lat' dir='ltr'>et</span> <span class='ocrx_word' id='word_1_149' title='bbox 1093 3001 1215 3064; x_wconf 87' lang='lat' dir='ltr'>auctor</span> <span class='ocrx_word' id='word_1_150' title='bbox 1233 2995 1363 3078; x_wconf 88' lang='lat' dir='ltr'>noster,</span> <span class='ocrx_word' id='word_1_151' title='bbox 1380 2999 1449 3079; x_wconf 87' lang='lat' dir='ltr'>out,</span> 
     </span>
     <span class='ocr_line' id='line_1_21' title="bbox 284 3109 1470 3209; baseline 0.003 -28"><span class='ocrx_word' id='word_1_152' title='bbox 284 3109 313 3182; x_wconf 93' lang='lat' dir='ltr'>si</span> <span class='ocrx_word' id='word_1_153' title='bbox 331 3109 449 3200; x_wconf 83' lang='lat' dir='ltr'>mavis,</span> <span class='ocrx_word' id='word_1_154' title='bbox 471 3120 631 3185; x_wconf 82' lang='lat' dir='ltr'>auctores</span> <span class='ocrx_word' id='word_1_155' title='bbox 645 3112 756 3186; x_wconf 91' lang='lat' dir='ltr'>nostri</span> <span class='ocrx_word' id='word_1_156' title='bbox 771 3135 931 3187; x_wconf 85' lang='lat' dir='ltr'>sermone</span> <span class='ocrx_word' id='word_1_157' title='bbox 947 3112 1006 3184; x_wconf 93' lang='lat' dir='ltr'>illo</span> <span class='ocrx_word' id='word_1_158' title='bbox 1024 3112 1219 3202; x_wconf 87' lang='lat' dir='ltr'>utebantur,</span> <span class='ocrx_word' id='word_1_159' title='bbox 1235 3113 1294 3209; x_wconf 92' lang='lat' dir='ltr'>qui</span> <span class='ocrx_word' id='word_1_160' title='bbox 1309 3111 1450 3208; x_wconf 76' lang='lat' dir='ltr'>Stronq·</span> <span class='ocrx_word' id='word_1_161' title='bbox 1467 3190 1470 3195; x_wconf 68' lang='grc'>,</span> 
     </span>
     <span class='ocr_line' id='line_1_22' title="bbox 284 3232 870 3310; baseline 0.007 -5"><span class='ocrx_word' id='word_1_162' title='bbox 284 3232 553 3308; x_wconf 73' lang='lat' dir='ltr'>atttocttnnsct</span> <span class='ocrx_word' id='word_1_163' title='bbox 566 3235 682 3309; x_wconf 88' lang='lat' dir='ltr'>vocari</span> <span class='ocrx_word' id='word_1_164' title='bbox 697 3236 795 3310; x_wconf 91' lang='lat' dir='ltr'>solet.</span> <span class='ocrx_word' id='word_1_165' title='bbox 866 3238 870 3244; x_wconf 81' lang='grc'>’</span> 
     </span>
    </p>

    <p class='ocr_par' dir='ltr' id='par_1_6' title="bbox 286 3359 1449 3582">
     <span class='ocr_line' id='line_1_23' title="bbox 334 3359 1449 3459; baseline 0.005 -29"><span class='ocrx_word' id='word_1_166' title='bbox 334 3359 411 3459; x_wconf 85' lang='lat' dir='ltr'>Quo</span> <span class='ocrx_word' id='word_1_167' title='bbox 428 3380 509 3432; x_wconf 90' lang='lat' dir='ltr'>vero</span> <span class='ocrx_word' id='word_1_168' title='bbox 527 3360 602 3433; x_wconf 86' lang='lat' dir='ltr'>baec</span> <span class='ocrx_word' id='word_1_169' title='bbox 618 3361 764 3433; x_wconf 88' lang='lat' dir='ltr'>mutatio</span> <span class='ocrx_word' id='word_1_170' title='bbox 785 3360 875 3434; x_wconf 86' lang='lat' dir='ltr'>effici</span> <span class='ocrx_word' id='word_1_171' title='bbox 897 3371 1024 3458; x_wconf 90' lang='lat' dir='ltr'>posset,</span> <span class='ocrx_word' id='word_1_172' title='bbox 1050 3382 1193 3434; x_wconf 88' lang='lat' dir='ltr'>neeesse</span> <span class='ocrx_word' id='word_1_173' title='bbox 1209 3372 1282 3434; x_wconf 86' lang='lat' dir='ltr'>erat</span> <span class='ocrx_word' id='word_1_174' title='bbox 1300 3372 1349 3452; x_wconf 91' lang='lat' dir='ltr'>ut,</span> <span class='ocrx_word' id='word_1_175' title='bbox 1365 3361 1449 3436; x_wconf 89' lang='lat' dir='ltr'>vitio</span> 
     </span>
     <span class='ocr_line' id='line_1_24' title="bbox 286 3483 1448 3582; baseline 0.003 -27"><span class='ocrx_word' id='word_1_176' title='bbox 286 3485 435 3579; x_wconf 87' lang='lat' dir='ltr'>quodam</span> <span class='ocrx_word' id='word_1_177' title='bbox 463 3483 566 3557; x_wconf 88' lang='lat' dir='ltr'>natali</span> <span class='ocrx_word' id='word_1_178' title='bbox 587 3485 838 3582; x_wconf 84' lang='lat' dir='ltr'>pronuntiandi</span> <span class='ocrx_word' id='word_1_179' title='bbox 857 3486 910 3558; x_wconf 85' lang='lat' dir='ltr'>hae</span> <span class='ocrx_word' id='word_1_180' title='bbox 939 3485 1052 3559; x_wconf 92' lang='lat' dir='ltr'>tribus</span> <span class='ocrx_word' id='word_1_181' title='bbox 1079 3485 1191 3558; x_wconf 91' lang='lat' dir='ltr'>nullas</span> <span class='ocrx_word' id='word_1_182' title='bbox 1212 3484 1364 3558; x_wconf 83' lang='lat' dir='ltr'>acriores</span> <span class='ocrx_word' id='word_1_183' title='bbox 1394 3507 1448 3559; x_wconf 94' lang='lat' dir='ltr'>so-</span> 
     </span>
    </p>
   </div>
   <div class='ocr_carea' id='block_1_6' title="bbox 284 3582 1637 3704">
    <p class='ocr_par' dir='ltr' id='par_1_7' title="bbox 284 3582 1637 3704">
     <span class='ocr_line' id='line_1_25' title="bbox 284 3582 1637 3704; baseline 0.002 -27"><span class='ocrx_word' id='word_1_184' title='bbox 284 3629 410 3679; x_wconf 89' lang='lat' dir='ltr'>norum</span> <span class='ocrx_word' id='word_1_185' title='bbox 428 3607 640 3681; x_wconf 80' lang='lat' dir='ltr'>differentias</span> <span class='ocrx_word' id='word_1_186' title='bbox 655 3609 821 3698; x_wconf 84' lang='lat' dir='ltr'>facerent,</span> <span class='ocrx_word' id='word_1_187' title='bbox 838 3630 952 3704; x_wconf 89' lang='lat' dir='ltr'>neque</span> <span class='ocrx_word' id='word_1_188' title='bbox 968 3629 1017 3680; x_wconf 87' lang='lat' dir='ltr'>ex.</span> <span class='ocrx_word' id='word_1_189' title='bbox 1033 3631 1084 3704; x_wconf 85' lang='lat' dir='ltr'>gr.</span> <span class='ocrx_word' id='word_1_190' title='bbox 1103 3608 1233 3680; x_wconf 88' lang='lat' dir='ltr'>litteras</span> <span class='ocrx_word' id='word_1_191' title='bbox 1248 3606 1268 3678; x_wconf 86' lang='lat' dir='ltr'>b</span> <span class='ocrx_word' id='word_1_192' title='bbox 1283 3618 1364 3702; x_wconf 88' lang='lat' dir='ltr'>etp,</span> <span class='ocrx_word' id='word_1_193' title='bbox 1378 3607 1400 3702; x_wconf 69' lang='lat' dir='ltr'><strong><em>s</em></strong></span> <span class='ocrx_word' id='word_1_194' title='bbox 1414 3618 1448 3680; x_wconf 90' lang='lat' dir='ltr'>et</span> <span class='ocrx_word' id='word_1_195' title='bbox 1581 3612 1584 3617; x_wconf 83' lang='lat'>&#39;</span> <span class='ocrx_word' id='word_1_196' title='bbox 1633 3582 1637 3588; x_wconf 68' lang='lat'>‚</span> 
     </span>
    </p>
   </div>
   <div class='ocr_carea' id='block_1_7' title="bbox 179 3730 1450 4696">
    <p class='ocr_par' dir='ltr' id='par_1_8' title="bbox 179 3730 1448 4076">
     <span class='ocr_line' id='line_1_26' title="bbox 179 3730 1447 3830; baseline 0.002 -28"><span class='ocrx_word' id='word_1_197' title='bbox 179 3734 187 3821; x_wconf 65' lang='grc' dir='ltr'>ζ</span> <span class='ocrx_word' id='word_1_198' title='bbox 280 3731 339 3826; x_wconf 84' lang='lat' dir='ltr'>pt,</span> <span class='ocrx_word' id='word_1_199' title='bbox 354 3730 377 3802; x_wconf 89' lang='lat' dir='ltr'>d</span> <span class='ocrx_word' id='word_1_200' title='bbox 387 3743 421 3804; x_wconf 90' lang='lat' dir='ltr'>et</span> <span class='ocrx_word' id='word_1_201' title='bbox 434 3743 455 3816; x_wconf 85' lang='lat' dir='ltr'>t,</span> <span class='ocrx_word' id='word_1_202' title='bbox 472 3743 551 3821; x_wconf 80' lang='lat' dir='ltr'>ete,</span> <span class='ocrx_word' id='word_1_203' title='bbox 571 3731 736 3828; x_wconf 91' lang='lat' dir='ltr'>liquidius</span> <span class='ocrx_word' id='word_1_204' title='bbox 751 3731 1076 3827; x_wconf 70' lang='lat' dir='ltr'>distinguerentur</span> <span class='ocrx_word' id='word_1_205' title='bbox 1092 3730 1447 3830; x_wconf 73' lang='lat' dir='ltr'>ut-diutiuslmutatio</span> 
     </span>
     <span class='ocr_line' id='line_1_27' title="bbox 181 3854 1448 3952; baseline 0.004 -27"><span class='ocrx_word' id='word_1_206' title='bbox 181 3884 195 3907; x_wconf 55' lang='lat' dir='ltr'>e</span> <span class='ocrx_word' id='word_1_207' title='bbox 283 3854 376 3926; x_wconf 91' lang='lat' dir='ltr'>enim</span> <span class='ocrx_word' id='word_1_208' title='bbox 400 3854 457 3928; x_wconf 92' lang='lat' dir='ltr'>illa</span> <span class='ocrx_word' id='word_1_209' title='bbox 477 3878 545 3927; x_wconf 91' lang='lat' dir='ltr'>una</span> <span class='ocrx_word' id='word_1_210' title='bbox 573 3856 629 3929; x_wconf 89' lang='lat' dir='ltr'>die</span> <span class='ocrx_word' id='word_1_211' title='bbox 655 3879 722 3930; x_wconf 91' lang='lat' dir='ltr'>non</span> <span class='ocrx_word' id='word_1_212' title='bbox 748 3856 868 3929; x_wconf 84' lang='lat' dir='ltr'>ellectu</span> <span class='ocrx_word' id='word_1_213' title='bbox 887 3859 953 3950; x_wconf 81' lang='lat' dir='ltr'>est&gt;</span> <span class='ocrx_word' id='word_1_214' title='bbox 982 3855 1197 3952; x_wconf 85' lang='lat' dir='ltr'>perturbatio</span> <span class='ocrx_word' id='word_1_215' title='bbox 1218 3856 1377 3952; x_wconf 86' lang='lat' dir='ltr'>quaedam</span> <span class='ocrx_word' id='word_1_216' title='bbox 1392 3879 1448 3930; x_wconf 85' lang='lat' dir='ltr'>so·</span> 
     </span>
     <span class='ocr_line' id='line_1_28' title="bbox 191 3966 915 4076; baseline 0.007 -29"><span class='ocrx_word' id='word_1_217' title='bbox 191 3978 196 3983; x_wconf 83' lang='lat'>&#39;</span> <span class='ocrx_word' id='word_1_218' title='bbox 284 3966 408 4050; x_wconf 89' lang='lat' dir='ltr'>norum</span> <span class='ocrx_word' id='word_1_219' title='bbox 424 3990 573 4052; x_wconf 87' lang='lat' dir='ltr'>exstaret</span> <span class='ocrx_word' id='word_1_220' title='bbox 589 3978 626 4051; x_wconf 93' lang='lat' dir='ltr'>in</span> <span class='ocrx_word' id='word_1_221' title='bbox 645 3980 915 4076; x_wconf 84' lang='lat' dir='ltr'>pronuntiando.</span> 
     </span>
    </p>

    <p class='ocr_par' dir='ltr' id='par_1_9' title="bbox 197 4103 1450 4446">
     <span class='ocr_line' id='line_1_29' title="bbox 197 4103 1450 4200; baseline 0.004 -26"><span class='ocrx_word' id='word_1_222' title='bbox 197 4140 204 4183; x_wconf 90' lang='lat'>·.</span> <span class='ocrx_word' id='word_1_223' title='bbox 225 4140 228 4145; x_wconf 93' lang='lat'>·</span> <span class='ocrx_word' id='word_1_224' title='bbox 330 4104 442 4198; x_wconf 84' lang='lat' dir='ltr'>Atque</span> <span class='ocrx_word' id='word_1_225' title='bbox 460 4103 563 4200; x_wconf 86' lang='lat' dir='ltr'>hujus</span> <span class='ocrx_word' id='word_1_226' title='bbox 583 4103 722 4200; x_wconf 91' lang='lat' dir='ltr'>quidem</span> <span class='ocrx_word' id='word_1_227' title='bbox 742 4103 1015 4200; x_wconf 85' lang='lat' dir='ltr'>perturbationis</span> <span class='ocrx_word' id='word_1_228' title='bbox 1031 4125 1199 4177; x_wconf 89' lang='lat' dir='ltr'>sonorum</span> <span class='ocrx_word' id='word_1_229' title='bbox 1218 4104 1254 4177; x_wconf 92' lang='lat' dir='ltr'>in</span> <span class='ocrx_word' id='word_1_230' title='bbox 1276 4105 1450 4200; x_wconf 92' lang='lat' dir='ltr'>loquendo</span> 
     </span>
     <span class='ocr_line' id='line_1_30' title="bbox 283 4226 1449 4324; baseline 0.001 -25"><span class='ocrx_word' id='word_1_231' title='bbox 283 4227 474 4299; x_wconf 90' lang='lat' dir='ltr'>certissima</span> <span class='ocrx_word' id='word_1_232' title='bbox 494 4228 593 4300; x_wconf 80' lang='lat' dir='ltr'>allert</span> <span class='ocrx_word' id='word_1_233' title='bbox 612 4226 740 4301; x_wconf 89' lang='lat' dir='ltr'>indicia</span> <span class='ocrx_word' id='word_1_234' title='bbox 759 4227 883 4302; x_wconf 93' lang='lat' dir='ltr'>similis</span> <span class='ocrx_word' id='word_1_235' title='bbox 902 4227 1059 4324; x_wconf 68' lang='lat' dir='ltr'>quiedam</span> <span class='ocrx_word' id='word_1_236' title='bbox 1077 4229 1224 4301; x_wconf 85' lang='lat' dir='ltr'>mixtura</span> <span class='ocrx_word' id='word_1_237' title='bbox 1241 4228 1449 4318; x_wconf 85' lang='lat' dir='ltr'>litterarum,</span> 
     </span>
     <span class='ocr_line' id='line_1_31' title="bbox 282 4349 1261 4446; baseline 0.002 -24"><span class='ocrx_word' id='word_1_238' title='bbox 282 4372 348 4446; x_wconf 90' lang='lat' dir='ltr'>qua</span> <span class='ocrx_word' id='word_1_239' title='bbox 363 4349 400 4422; x_wconf 92' lang='lat' dir='ltr'>in</span> <span class='ocrx_word' id='word_1_240' title='bbox 415 4350 600 4425; x_wconf 82' lang='lat' dir='ltr'>scribendo</span> <span class='ocrx_word' id='word_1_241' title='bbox 619 4350 807 4424; x_wconf 86' lang='lat' dir='ltr'>utebantur</span> <span class='ocrx_word' id='word_1_242' title='bbox 826 4350 958 4425; x_wconf 88' lang='lat' dir='ltr'>librarii</span> <span class='ocrx_word' id='word_1_243' title='bbox 973 4353 1095 4425; x_wconf 92' lang='lat' dir='ltr'>nostri.</span> <span class='ocrx_word' id='word_1_244' title='bbox 1112 4353 1172 4426; x_wconf 83' lang='lat' dir='ltr'>Ex.</span> <span class='ocrx_word' id='word_1_245' title='bbox 1193 4375 1261 4446; x_wconf 74' lang='lat' dir='ltr'>gn:</span> 
     </span>
    </p>

    <p class='ocr_par' dir='ltr' id='par_1_10' title="bbox 283 4473 1447 4696">
     <span class='ocr_line' id='line_1_32' title="bbox 329 4473 1447 4572; baseline 0.003 -27"><span class='ocrx_word' id='word_1_246' title='bbox 329 4474 389 4547; x_wconf 77' lang='lat' dir='ltr'>Vr.</span> <span class='ocrx_word' id='word_1_247' title='bbox 409 4473 493 4564; x_wconf 79' lang='lat'><strong>918,</strong></span> <span class='ocrx_word' id='word_1_248' title='bbox 509 4475 686 4549; x_wconf 79' lang='lat' dir='ltr'>bibentem</span> <span class='ocrx_word' id='word_1_249' title='bbox 704 4475 733 4548; x_wconf 87' lang='lat' dir='ltr'>D</span> <span class='ocrx_word' id='word_1_250' title='bbox 754 4499 816 4572; x_wconf 89' lang='lat' dir='ltr'>pro</span> <span class='ocrx_word' id='word_1_251' title='bbox 835 4475 1012 4572; x_wconf 82' lang='lat' dir='ltr'>bipennem</span> <span class='ocrx_word' id='word_1_252' title='bbox 1020 4501 1032 4562; x_wconf 86' lang='lat'>,·</span> <span class='ocrx_word' id='word_1_253' title='bbox 1048 4476 1120 4550; x_wconf 75' lang='lat' dir='ltr'>aad</span> <span class='ocrx_word' id='word_1_254' title='bbox 1140 4488 1174 4550; x_wconf 88' lang='lat' dir='ltr'>et</span> <span class='ocrx_word' id='word_1_255' title='bbox 1191 4476 1298 4568; x_wconf 75' lang='lat' dir='ltr'>toto,</span> <span class='ocrx_word' id='word_1_256' title='bbox 1316 4475 1447 4550; x_wconf 83' lang='lat' dir='ltr'>baltoll</span> 
     </span>
     <span class='ocr_line' id='line_1_33' title="bbox 283 4597 1443 4696; baseline 0.003 -27"><span class='ocrx_word' id='word_1_257' title='bbox 283 4620 346 4694; x_wconf 88' lang='lat' dir='ltr'>pro</span> <span class='ocrx_word' id='word_1_258' title='bbox 357 4597 473 4694; x_wconf 62' lang='lat' dir='ltr'>pelta·</span> <span class='ocrx_word' id='word_1_259' title='bbox 490 4598 598 4689; x_wconf 74' lang='lat'>4063,</span> <span class='ocrx_word' id='word_1_260' title='bbox 610 4597 758 4695; x_wconf 81' lang='lat' dir='ltr'>sclerati</span> <span class='ocrx_word' id='word_1_261' title='bbox 768 4610 834 4689; x_wconf 86' lang='lat' dir='ltr'>eet,</span> <span class='ocrx_word' id='word_1_262' title='bbox 850 4600 1025 4696; x_wconf 80' lang='lat' dir='ltr'>pdolcroti</span> <span class='ocrx_word' id='word_1_263' title='bbox 1041 4601 1087 4690; x_wconf 93' lang='lat' dir='ltr'>B;</span> <span class='ocrx_word' id='word_1_264' title='bbox 1108 4601 1191 4685; x_wconf 71' lang='lat'>458,</span> <span class='ocrx_word' id='word_1_265' title='bbox 1212 4601 1443 4690; x_wconf 71' lang='lat' dir='ltr'>concidendi,</span> 
     </span>
    </p>
   </div>
   <div class='ocr_carea' id='block_1_8' title="bbox 0 0 1740 5648">
    <p class='ocr_par' dir='ltr' id='par_1_11' title="bbox 0 0 1740 5648">
     <span class='ocr_line' id='line_1_34' title="bbox 0 0 1740 5648; baseline 0 0"><span class='ocrx_word' id='word_1_266' title='bbox 0 0 1740 5648; x_wconf 95' lang='lat' dir='ltr'> </span> 
     </span>
    </p>
   </div>
  </div>
 </body>
</html>
