3472 5648
809 570 1053 621 -xll-

346 713 388 784 ad
408 717 455 788 m
475 714 597 788 habuit
618 713 772 801 Fischer,
793 714 880 786 9-11
901 722 1034 784 tantum
1060 710 1231 806 llonius);
1253 711 1410 806 inscripti
1434 726 1515 784 sunt

345 836 381 908 in
397 837 544 931 singulis
558 836 701 934 pagellis
716 837 834 910 19-30
853 859 982 909 versus.

393 960 458 1034 Hic
481 960 570 1033 liber
597 961 681 1056 quin
708 983 747 1032 ex
774 960 1019 1035 Ratisbouensi
1047 959 1207 1033 coenobio
1232 959 1272 1033 S'i
1299 962 1513 1037 Bmmerami

345 1084 553 1179 provenerit,
566 1083 717 1158 dubitari
732 1107 802 1157 non
818 1094 947 1180 potest:
965 1107 1018 1156 res
1033 1082 1088 1155 his
1102 1082 1311 1155 testimoniis
1328 1084 1511 1178 probatur:

377 1208 430 1280 ·1ο
448 1209 488 1280 ln
509 1219 623 1280 vetere
639 1207 791 1302 quodam
805 1206 1080 1280 Bmmeramcnsi
1101 1206 1200 1278 catal.
1223 1207 1279 1279 fol.
1295 1207 1342 1280 ⁶20
1357 1232 1390 1281 n.
1406 1209 1514 1280 LXXl

345 1329 404 1426 (os.
429 1329 631 1418 Schmeller,
655 1329 792 1425 Scrcp„
813 1328 860 1417 ll,
884 1326 969 1422 165)
997 1328 1123 1400 citatur
1145 1329 1236 1400 inter
1254 1351 1337 1402 mss.
1355 1332 1415 1424 qui
1434 1330 1515 1404 sub-

345 1454 453 1550 priori
472 1455 510 1527 P.
539 1453 578 1525 B.
603 1453 708 1524 Bawn
731 1451 956 1526 conservandi
979 1450 1130 1523 mandati
1163 1451 1300 1523 fuerant
1324 1452 1514 1526 «Historia

345 1576 460 1649 Attilae
481 1574 572 1670 regis
600 1577 743 1648 metrica
772 1576 832 1648 sed
851 1574 920 1647 fine
939 1597 1061 1647 carens
1085 1587 1118 1647 et
1142 1575 1286 1671 incipit:
1314 1577 1415 1649 tertia
1435 1601 1514 1674 pars

345 1699 452 1790 orbis
472 1700 607 1788 iratres,
628 1700 766 1794 Europa
780 1711 934 1790 vocatur,
956 1710 1036 1789 etc,
1052 1709 1086 1771 et
1102 1709 1183 1771 sunt
1197 1711 1268 1772 tres
1283 1701 1515 1795 quaterniculi

250 1923 255 1929 ¹
346 1824 540 1922 parvissimi
554 1823 741 1918 minusque
757 1821 924 1915 legibiles.
946 1848 963 1891 a
981 1822 1093 1917 Atque
1109 1823 1264 1896 cernitur
1279 1823 1315 1894 in
1331 1824 1420 1897 libro
1436 1849 1516 1899 nos-

347 1962 400 2022 tro
420 1949 462 2021 ad
482 1949 577 2021 hunc
596 1947 689 2020 diem
711 1968 878 2018 numerus
899 1945 938 2018 Ε.
960 1947 1019 2036 Bt),
1041 1970 1117 2040 qrrae
1140 1958 1213 2018 erat
1233 1948 1361 2042 prioris
1386 1949 1516 2022 codicis

347 2097 370 2144 n
395 2083 438 2144 ta.

372 2096 431 2267 0⁰2⁰
461 2195 539 2267 Joh.
569 2193 771 2281 Aventinus,
791 2191 945 2264 Arcadica
969 2193 1147 2278 Boiorum,
1170 2192 1212 2282 ll,
1230 2193 1272 2266 51
1299 2194 1514 2292 (ingolstadij

350 2319 457 2408 1554,
482 2342 514 2414 p.
542 2315 641 2412 aad),
661 2315 768 2390 dicit:
798 2343 814 2385 c
840 2317 968 2413 Reperi
994 2315 1244 2412 Reginoburgij
1269 2317 1304 2388 in
1333 2316 1416 2390 bibl.
1440 2317 1515 2390 Divi

351 2441 560 2515 Haimerami
578 2441 621 2512 de
640 2439 745 2512 rebus
763 2440 806 2512 ab
826 2439 932 2511 Attila
949 2440 1056 2535 gestis
1084 2461 1172 2534 opus
1198 2440 1339 2512 heroico
1360 2463 1463 2513 versu
1481 2452 1515 2514 et

221 2554 224 2559 ’
348 2565 453 2637 latina
473 2563 590 2660 lingua
605 2586 675 2636 non
691 2563 904 2659 ineleganter
918 2565 1059 2636 lactum.
1072 2563 1171 2636 Unde
1186 2563 1304 2636 isthaec
1320 2565 1363 2638 de
1377 2565 1514 2637 Hunnis

348 2701 382 2762 et
397 2688 501 2762 Attila
517 2687 671 2761 carmina
687 2687 803 2782 excepi
819 2688 882 2783 (vv.
900 2689 933 2761 9.
950 2688 1024 2783 sq.).
1046 2714 1062 2756 a

395 2811 493 2885 Adde
503 2811 731 2906 quodlegitur
743 2810 779 2881 in
788 2810 948 2883 Tcotcclrc
961 2810 1147 2898 Cironilcc,
1160 2811 1393 2884 Franlrf.a.ll.
1406 2812 1514 2901 leat,

347 2961 379 3033 p.
402 2936 473 3009 497
498 2959 550 3030 sq.
577 2961 594 3004 r
615 2936 660 3008 Es
681 2958 762 3031 seyn
785 2935 850 3008 viel
874 2936 960 3007 alter
981 2934 1129 3007 Reimen
1151 2918 1225 3006 und
1244 2935 1515 3029 Meistergesing

347 3061 412 3156 bey
426 3083 493 3132 uns
510 3059 724 3148 vorhanden,
741 3080 808 3130 von
820 3059 873 3154 jm
888 3059 1028 3155 (nempe
1043 3058 1162 3153 Attila)
1173 3060 1369 3152 gemacht...
1386 3061 1436 3130 Zu
1446 3059 1515 3132 Re-

349 3205 527 3279 genspurg
548 3181 584 3252 in
607 3181 641 3254 S.
667 3180 869 3253 Haimerans
890 3179 1034 3275 Liberey
1059 3180 1103 3252 ist
1129 3180 1186 3252 ein
1209 3180 1392 3254 lateinisch
1415 3182 1514 3254 Buclr

349 3329 416 3378 von
437 3305 557 3378 seinen
574 3303 817 3393 Geschichten‚
833 3304 922 3376 doch
938 3303 1035 3376 nieht
1052 3313 1168 3398 ganta,
1181 3303 1419 3396 geschrieben.
1436 3330 1453 3373 a

399 3431 434 3502 3⁰
453 3429 561 3502 Totus
581 3428 689 3501 codex
706 3439 931 3500 enumeratur
951 3427 986 3498 in
1006 3426 1121 3500 Catal:
1144 3426 1360 3500 Bibliotheca
1374 3429 1512 3523 princi-

245 3558 249 3564 '
345 3552 443 3648 polis
457 3552 609 3624 ecclesio
627 3562 660 3622 ct
677 3551 881 3623 monosterii
896 3550 970 3623 ord.
986 3575 1015 3622 c.
1034 3549 1217 3622 Benedicti
1231 3550 1277 3622 cd
1290 3575 1319 3622 a.
1338 3551 1513 3622 Bmmcrc-

349 3697 443 3746 munc
458 3674 542 3768 cpia.
558 3684 591 3745 et
604 3683 749 3766 martyr.
766 3672 857 3744 Parc
872 3672 913 3744 ll.
931 3672 1061 3744 Ratisb.
1080 3673 1188 3761 1748,
1206 3688 1239 3767 μ
1252 3672 1311 3762 43,
1329 3696 1362 3744 n.
1381 3674 1463 3745 aad.

399 3796 489 3869 Dum
512 3795 617 3868 celeri
634 3795 773 3869 codices
794 3817 813 3866 e
833 3795 992 3869 coenobio
1009 3795 1043 3868 S.
1063 3795 1274 3868 Emmerami
1292 3797 1514 3868 llonaclrium

349 3921 504 3996 translati
530 3920 684 4008 luerunt,
707 3920 765 3993 hic
785 3930 904 3993 noster
924 3944 984 3994 sua
1005 3923 1071 3994 lata
1092 3921 1223 3994 habuit.
1245 3921 1285 3994 F.
1307 3923 1386 3994 Chr.
1409 3922 1438 3993 J.
1460 3921 1516 3992 Bi-

350 4047 450 4121 soher
464 4044 523 4142 qui
540 4044 673 4141 primus
684 4044 917 4118 Woltlmricm
929 4045 1047 4133 edidit,
1062 4045 1168 4117 relert
1181 4045 1284 4140 Proef.
1298 4067 1334 4118 vr
1348 4071 1355 4116 :
1374 4068 1414 4117 eo
1431 4055 1517 4116 tem-

349 4193 431 4267 pore
447 4192 528 4244 cum
541 4170 585 4242 de
600 4167 756 4240 bavarica
773 4169 994 4243 successione
1009 4169 1217 4242 hereditaria
1235 4169 1367 4242 hellum
1382 4192 1518 4262 gerere-

352 4307 417 4384 tur,
437 4319 453 4363 «
470 4292 626 4366 codicem
642 4314 669 4364 s,
686 4291 778 4381 Xssl,
792 4291 1097 4364 membranaceum
1117 4314 1156 4364 ex
1172 4292 1324 4386 quodam
1343 4290 1516 4379 coenobio,

350 4419 387 4490 in
408 4415 550 4489 Bavaria
572 4415 652 4502 sito,
677 4413 720 4486 ad
741 4415 878 4510 regium
896 4405 1179 4487 Britannicarum
1195 4414 1407 4510 legationum
1434 4437 1517 4485 con·

352 4540 519 4614 siliarium
540 4538 728 4612 Dominum
750 4538 791 4610 de
811 4537 990 4627 llosheim,
1013 4538 1105 4611 illius
1129 4538 1337 4628 cancellarii,
1357 4538 1415 4634 qui
1435 4539 1515 4610 Got-
