3472 5648
753 561 972 632 „6-

327 735 463 806 Interea
478 730 641 800 advocatu
663 750 683 798 a
702 727 894 801 Waltherio
911 728 1080 823 Hiltgund
1105 728 1248 802 minem
1267 729 1397 822 ligavit,
1413 739 1451 800 et

278 853 477 928 sitientibus
500 851 666 946 poculum
697 851 768 922 vini
789 851 951 946 porrexit
980 849 1050 924 Sed
1075 873 1168 940 cum,
1184 851 1305 948 sponsi
1329 852 1448 946 jussu,

278 975 461 1072 ilagunnni
482 975 597 1071 primo
620 974 788 1070 poculum
809 975 961 1064 offerret,
983 975 1041 1048 ille
1058 999 1243 1049 recusans:

387 1227 520 1303 «mter,
535 1229 587 1303 an,
602 1229 686 1308 psus
700 1228 853 1308 sipisim
867 1245 977 1306 sponso
990 1246 1025 1289 ae
1040 1227 1163 1300 seniori,
1248 1203 1251 1208 ’

385 1325 488 1403 Virgo,
506 1331 567 1401 tuo,
582 1325 734 1406 quoniam,
751 1325 855 1400 fateor,
872 1343 921 1386 me
933 1323 1039 1386 fortior
1052 1323 1104 1386 ille
1118 1331 1176 1385 est.

386 1421 450 1482 Non
465 1423 563 1482 sulum
578 1421 651 1482 mihi
663 1421 718 1483 sed
733 1421 848 1482 cunctis
862 1422 1066 1502 supereminet
1077 1421 1181 1481 armis.
1199 1440 1214 1478 )

328 1679 406 1752 Mox
421 1678 549 1773 prioris
562 1675 725 1750 amicitiae
742 1675 910 1749 memoria
925 1675 1030 1749 rediit
1043 1676 1081 1747 in
1095 1686 1251 1748 mentem
1265 1675 1453 1768 juvenum,

280 1817 317 1879 et
338 1803 399 1898 qui
423 1800 527 1896 paulo
555 1811 656 1872 antea
677 1799 790 1871 rabidi
821 1799 909 1872 alter
936 1800 972 1871 in
1004 1799 1155 1873 alterum
1183 1809 1453 1891 concurrerant,

280 1927 389 1998 iidem
403 1945 500 1994 nunc
516 1920 656 1994 seunili
669 1922 859 1994 certamine
873 1922 966 1995 inter
988 1922 1112 2019 pocula
1128 1921 1276 1995 ludunt:
1303 1921 1340 1992 in
1358 1921 1455 1994 wal-

281 2046 385 2120 tharii
398 2051 564 2118 maneum
582 2043 764 2115 brachium
779 2046 920 2141 Jocatur
937 2045 1100 2139 Hegen03
1122 2067 1227 2139 quem
1250 2055 1370 2117 contra
1395 2067 1456 2117 co·

282 2171 402 2244 elitem
411 2181 447 2241 et
460 2166 624 2239 dentibus
639 2166 800 2239 orbatum
815 2168 905 2242 ridet
920 2168 1195 2264 Aquitanusflis
1208 2169 1328 2258 dictis,
1347 2191 1458 2265 ‹pac-

283 2306 359 2364 tum
377 2303 563 2363 cruentum
582 2301 792 2362 renovant).
812 2291 958 2380 Deinde,
980 2314 1061 2386 rege
1084 2292 1121 2363 in
1143 2315 1275 2388 equum
1299 2291 1453 2383 sublato,

282 2414 410 2487 Franci
423 2412 666 2502 Wormatiam
680 2412 829 2507 patriam
848 2412 1043 2508 Aquitanus
1064 2415 1209 2511 repetit:
1236 2414 1309 2505 uhi,
1324 2438 1456 2510 magno

283 2539 419 2609 honore
435 2546 681 2630 suseeptuS‚.et
694 2535 884 2630 Hiltgunde
903 2558 1009 2609 uxore
1028 2536 1145 2627 ducta,
1160 2539 1325 2613 omnibus
1337 2550 1456 2626 na'ruS,

286 2671 366 2756 post
378 2669 528 2730 montem
544 2658 654 2753 patris
667 2657 813 2753 trigintu'
824 2681 934 2731 annos
949 2659 1119 2756 populum
1134 2663 1282 2736 felic-iter
1296 2663 1395 2735 rexit.
