3472 5648
772 1041 916 1115 CAPUT
945 1041 1000 1114 Vl.

489 1286 532 1337 DE
554 1285 719 1340 AUCTORE
739 1287 819 1340 SIVE
838 1288 969 1342 Portus
985 1290 1029 1341 DE
1046 1288 1284 1342 AUCTORIBUS.

351 1598 458 1672 Nobis
477 1621 558 1694 ergo
577 1609 796 1695 compertum
814 1609 865 1672 est
882 1598 1038 1672 codicem
1054 1599 1240 1695 quemdam
1251 1597 1403 1672 extitisse
1416 1596 1467 1685 ω’,

303 1720 554 1818 descriptumo
583 1724 703 1796 codice
731 1721 882 1795 auctoris
909 1745 944 1808 or,
972 1744 1043 1794 non
1068 1723 1142 1795 sine
1166 1720 1301 1794 mendis
1325 1720 1473 1815 quidem

301 1855 403 1940 atque
420 1845 532 1942 ruptis
555 1846 711 1918 numeris
738 1868 912 1936 versuum,
928 1845 1089 1918 eumdem
1107 1868 1198 1934 vero,
1223 1843 1474 1942 progrediente
1508 1943 1511 1949 Ι

301 1979 399 2041 aetate
415 1969 593 2040 nonnullis
610 1969 694 2041 locis
709 1958 931 2041 emendatum
946 1980 979 2042 et
994 1978 1147 2057 auctum,
1158 1979 1192 2040 et
1205 1966 1318 2039 lituris
1328 1964 1475 2061 glossis-

302 2115 368 2188 que
384 2092 538 2189 plenum.
555 2092 656 2165 Hunc
679 2093 939 2190 descripserunt
964 2102 1122 2165 auctores
1136 2102 1154 2179 β
1168 2103 1186 2164 δ
1200 2129 1221 2170 α
1237 2128 1267 2188 γ,
1284 2091 1475 2185 seligentes

302 2237 381 2288 suas
396 2215 544 2310 quisque
559 2215 737 2306 lectiones,
754 2238 866 2311 neque
887 2215 1148 2312 descripserunt
1170 2217 1381 2288 inmutatum
1396 2213 1476 2308 qui-

301 2338 393 2427 dem,
415 2338 488 2427 sed,
512 2361 621 2433 quum
640 2349 756 2411 essent
778 2338 938 2411 homines
962 2337 1058 2410 latini
1080 2337 1251 2410 sermonis
1275 2345 1309 2409 et
1331 2333 1381 2408 rei
1396 2357 1475 2408 me-

301 2461 397 2535 tricae
425 2461 571 2534 minime
591 2462 754 2557 imperiti,
776 2461 861 2534 alios
883 2461 989 2550 locos,
1009 2459 1069 2556 qui
1093 2458 1161 2532 illis
1178 2459 1294 2531 minus
1317 2456 1474 2530 absoluti

301 2584 518 2674 videbantur,
542 2594 779 2674 correxerunt,
806 2583 890 2656 alios
909 2604 995 2678 quos
1019 2583 1189 2677 explicare
1208 2603 1278 2653 non
1296 2592 1473 2676 poterant,

302 2708 512 2804 conjecturis
531 2706 769 2795 restituerunt,
786 2704 1010 2802 praeserriino
1048 2714 1104 2792 tr.

350 2830 426 2902 lam
438 2852 519 2902 vero
535 2829 782 2923 inquirendum
803 2839 856 2900 est
876 2828 1036 2923 quisnam
1052 2837 1174 2900 auctor
1188 2827 1232 2900 sit
1242 2827 1409 2900 carminis
1426 2839 1475 2918 et,

302 2954 368 3026 nisi
391 2976 446 3026 res
471 2952 675 3042 abstrusior,
700 2951 842 3048 quinam
868 2952 931 3024 viri
956 2962 1027 3024 tam
1052 2974 1143 3047 saepe
1170 2962 1354 3025 retractato
1379 2952 1477 3026 libro

301 3101 441 3176 operam
458 3079 628 3164 dederint,
651 3079 794 3174 quinam
809 3089 984 3174 postremo
1010 3077 1140 3150 fuerint
1163 3087 1321 3150 auctores
1336 3098 1354 3174 β
1372 3093 1429 3155 δα
1443 3116 1478 3177 γ.

349 3205 398 3277 De
418 3216 560 3278 auctore
571 3203 646 3299 ipso
663 3205 731 3276 duo
744 3211 877 3276 exstant
891 3202 1099 3292 testimonia,
1112 3201 1203 3274 inter
1217 3224 1265 3289 se,
1278 3212 1317 3273 ut
1327 3201 1477 3298 quidem

265 3390 268 3396 .
300 3327 447 3413 videtur,
469 3327 669 3422 pugnantia.
1194 3416 1197 3421 ι

350 3451 507 3522 Alterum
530 3461 582 3521 est
596 3449 632 3520 in
648 3450 805 3544 prologo,
822 3447 893 3544 qui,
908 3459 947 3520 ut
962 3446 1123 3535 diximus,
1145 3447 1294 3540 generir
1309 3449 1483 3543 praeposi·

303 3587 358 3644 tus
374 3583 474 3643 estet
488 3572 524 3642 in
540 3593 608 3665 quo
625 3571 793 3643 Geraldus
818 3568 1004 3667 «pontifici
1024 3591 1191 3643 summo»
1215 3568 1481 3644 Erohambaldo

302 3717 443 3769 carmen
465 3694 612 3777 dedicat,
635 3717 738 3767 orans
756 3706 795 3766 ut
823 3718 929 3790 «quae
944 3694 993 3766 illi
1018 3695 1061 3766 de
1091 3693 1184 3787 larga
1203 3717 1284 3766 cura
1310 3716 1482 3790 promere

303 3815 494 3887 decreverit
521 3837 665 3886 munera
681 3815 828 3911 accipiat
843 3842 872 3888 a.
891 3816 1049 3888 Alterum
1064 3839 1144 3887 vero
1161 3816 1403 3889 testimonium
1423 3830 1484 3892 est

303 3938 339 4008 in
365 3937 454 4009 libro
481 3962 498 4005 o
520 3937 665 4010 Casibus
682 3937 799 4010 Sancti
824 3939 942 4010 Galli»
965 3938 1008 4011 ab
1032 3938 1237 4011 Ellehardo
1265 3940 1310 4011 lV
1327 3940 1482 4036 scripto,

302 4058 362 4130 ubi
378 4059 451 4130 haec
467 4058 509 4131 de
524 4060 695 4131 monacho
710 4059 860 4154 quodam
875 4062 950 4156 ejus
966 4060 1127 4150 coenobii,
1138 4060 1340 4134 Eklrehardo
1359 4062 1484 4156 primo

303 4180 457 4268 nomine,
484 4178 662 4271 leguntur:

354 4299 530 4395 «Scripsit
553 4309 587 4371 et
612 4299 646 4368 in
674 4298 777 4371 scolis
799 4300 943 4373 metrice
968 4303 1144 4398 magistro,
1164 4303 1365 4378 vacillanter
1397 4307 1485 4404 qui-

303 4422 395 4506 dem,
419 4421 498 4514 quia
525 4421 560 4490 in
587 4419 779 4509 allectione,
809 4444 877 4492 non
911 4423 945 4492 in
976 4424 1095 4497 habitu
1129 4438 1203 4499 erat
1235 4451 1333 4524 puer,
1364 4429 1484 4504 vitam

303 4544 485 4616 Waltlmrii
510 4541 744 4629 manufortis,
769 4565 873 4637 quam
897 4544 1076 4638 Magontire
1103 4551 1216 4643 positi,
1234 4551 1388 4626 Aribone
1416 4578 1483 4628 ar-
