3472 5648
746 549 985 624 -64...

281 716 376 788 nime
390 714 570 812 imperitis,
586 726 727 812 accepta
744 715 799 805 sit,
819 715 972 789 suboluit
987 714 1088 791 nobis
1103 715 1267 790 tribuisse
1287 716 1448 791 homines

281 836 374 910 illius
395 837 546 933 regionis
572 849 673 935 atque
693 841 860 937 temporis
879 839 961 914 huic
982 841 1104 913 litterae
1123 840 1211 938 n(in
1230 839 1361 936 010001)
1378 839 1450 913 vim

281 960 466 1056 quamdam
484 961 670 1053 insolitam,
689 973 792 1059 atque
806 962 908 1037 talem
925 964 1065 1060 quidem
1081 976 1121 1037 ut
1138 973 1208 1037 tam
1223 973 1342 1060 aperto
1365 963 1449 1037 vitio

280 1088 327 1159 00
342 1088 458 1160 urbem
468 1110 591 1162 eorum
603 1112 716 1184 neque
730 1088 820 1162 oculi
837 1113 949 1185 neque
964 1112 1066 1163 aures
1082 1089 1352 1164 offenderentur.
1365 1090 1448 1180 Sed,

281 1211 373 1306 quod
388 1213 535 1284 maxime
554 1211 745 1308 oportebat,
768 1211 1040 1309 perquirendum
1060 1223 1133 1285 erat
1151 1237 1236 1285 num
1250 1213 1314 1285 alia
1337 1223 1449 1286 exsta·

281 1344 359 1407 rent
387 1334 588 1430 hujusmodi
617 1335 770 1432 exempla
800 1336 836 1408 in
869 1335 996 1432 quibus
1016 1335 1124 1409 literae
1153 1357 1190 1411 u
1217 1347 1252 1409 et
1280 1356 1310 1412 0
1329 1336 1451 1409 dedita

280 1481 385 1555 opera
400 1459 595 1556 conjunctae
614 1459 754 1534 fuerint.
774 1459 846 1534 Nec
861 1472 1128 1556 percunctantes
1147 1484 1225 1558 spes
1246 1461 1378 1536 lelellit.

328 1581 388 1653 Vv.
416 1583 499 1673 008,
525 1604 712 1660 uacuum
737 1605 834 1669 unc·
859 1584 942 1674 618,
965 1584 1008 1658 Si
1028 1587 1098 1659 acic
1120 1584 1293 1661 ulterius
1324 1585 1450 1659 uitam

279 1703 374 1790 arel‚·
396 1706 504 1796 1389,
535 1714 684 1782 Uerum
700 1706 996 1803 uulnipernm....
1024 1707 1177 1793 caluom·
1212 1707 1294 1797 708,
1325 1729 1449 1782 unum

278 1828 434 1916 dmitet,
457 1831 582 1924 quatit
595 1853 640 1903 00
654 1830 850 1919 001000οᾞ
878 1830 1450 1928 90080000000000100

278 1949 423 2035 uiridi,·
457 1951 566 2041 1036,
599 1951 762 2024 uiridem
789 1964 1040 2028 1100000001
1063 1952 1228 2039 ulnam·
1249 1953 1357 2045 1351,
1380 1977 1449 2050 pn-

279 2071 385 2147 lc'rrrc
400 2075 534 2148 uirens
543 2100 555 2160 ,·
579 2075 686 2166 1056,
702 2075 784 2151 Seu
800 2077 953 2150 001010.

327 2196 363 2269 Si
378 2196 450 2292 jam
476 2197 645 2271 intentius
669 2197 857 2294 quaerimus
885 2221 961 2294 quae
984 2198 1110 2270 borum
1136 2221 1303 2271 sonorum
1326 2223 1349 2270 0
1370 2210 1404 2271 01
1428 2223 1449 2270 0

277 2320 514 2416 pronuntiatio
535 2321 648 2412 fuerit,
665 2322 735 2394 duo
751 2344 827 2395 sese
842 2319 943 2394 nobis
961 2319 1114 2416 exempla
1132 2332 1211 2394 ante
1230 2344 1352 2395 omnes
1367 2320 1449 2394 reti-

278 2443 390 2516 nenda
415 2442 590 2539 praebent:
614 2469 664 2518 vv.
688 2443 1018 2534 mantoncourt,
1040 2453 1073 2516 et
1100 2445 1207 2534 1036,
1232 2457 1450 2519 0000000101

277 2566 406 2640 010000.

328 2693 412 2778 Quae
426 2715 489 2766 vox
512 2691 597 2766 0100
612 2715 720 2788 quum
739 2693 869 2765 diutius
884 2715 903 2764 a
920 2691 1252 2766 commentatoribus
1268 2693 1446 2765 traducto-

278 2813 446 2910 ribusque
469 2840 531 2912 pro
558 2816 664 2891 lrcrbn
688 2815 799 2912 posita
822 2838 897 2890 esse
919 2815 1050 2890 credita
1074 2815 1150 2906 fuit,
1172 2814 1448 2890 monstrabimus

278 2939 368 3011 infra
380 2942 598 3038 eamcnpt'noe
609 2940 900 3036 significationem
909 2940 1049 3032 babere,
1060 2940 1307 3014 itautnnlcnm
1316 2940 1442 3026 uiridi,

277 3075 490 3136 concubuerat
509 3063 653 3136 0010001
683 3063 869 3159 legendum
896 3062 949 3136 sit.
983 3063 1021 3136 ln
1048 3065 1115 3136 hoc
1144 3085 1226 3158 ergo
1253 3061 1447 3158 posteriore
1539 3044 1543 3052 ¹

278 3187 434 3283 exemplo
460 3210 568 3282 quum
601 3198 794 3282 correptam
831 3197 1040 3282 postremam
1075 3185 1240 3282 syllabam
1266 3185 1373 3259 habes
1409 3184 1447 3257 in

277 3322 500 3397 occubuerat,
526 3333 596 3384 non
624 3310 783 3383 obstante
805 3309 1001 3406 insequenti
1018 3309 1148 3406 duplici
1169 3333 1217 3382 00
1237 3311 1273 3382 in
1291 3308 1446 3394 0010001,

278 3433 494 3506 contrarium
521 3431 670 3506 efficitur
698 3432 773 3527 ejus
796 3430 943 3526 exempli
958 3430 1052 3525 quod
1073 3454 1177 3528 snpra
1195 3430 1344 3505 vidimus
1360 3441 1394 3503 et
1408 3431 1445 3504 in

280 3580 347 3652 quo
373 3557 582 3653 producitur
605 3577 652 3627 00
684 3565 764 3628 ante
792 3554 920 3626 urbem.
951 3554 990 3625 ln
1013 3554 1130 3649 priore
1153 3577 1234 3627 vero
1256 3554 1313 3627 illo
1350 3555 1445 3628 Sun-

275 3682 506 3776 puincnmqnc
530 3679 671 3752 0010001
684 3678 797 3752 uiridi
815 3677 928 3750 littera
947 3700 966 3748 0
984 3676 1066 3749 elisa
1092 3689 1154 3751 est.
1181 3680 1230 3750 Ex
1252 3678 1306 3751 his
1332 3701 1447 3751 exem-

278 3797 343 3896 plis
359 3824 441 3895 ergo
462 3823 532 3873 000
548 3800 712 3872 temerius
727 3799 852 3895 aliquis
866 3797 1029 3895 conjiciat
1041 3798 1163 3872 litterae
1177 3822 1198 3870 0
1212 3800 1357 3872 infuisse
1377 3800 1448 3873 vim

279 3923 463 4018 quamdam
490 3917 648 3996 anostro
681 3920 796 3994 labiali
823 3943 909 3995 sono
934 3921 1188 4018 aliquantulum
1210 3923 1446 4015 remotiorem,
1554 3976 1568 3990 „

278 4057 381 4142 atque
404 4044 604 4142 aspirationi
627 4044 843 4141 propiorem;
864 4044 986 4119 litterae
1001 4068 1024 4117 0
1038 4067 1118 4119 vero
1134 4044 1248 4118 labiali
1265 4067 1351 4120 sono
1365 4069 1447 4142 pro·

278 4168 424 4262 piorem,
449 4169 495 4240 ita
517 4177 556 4240 ut
579 4178 725 4263 utraque
746 4167 904 4240 nonnihil
923 4167 1140 4264 cognationis
1157 4167 1301 4242 baberet
1316 4192 1396 4242 cum
1415 4193 1459 4244 0.

278 4289 486 4382 britannico,
512 4289 565 4362 vel
592 4312 672 4362 cum
696 4314 717 4362 0
741 4290 777 4362 in
798 4292 998 4363 vocacione
1019 4315 1035 4363 a
1054 4315 1165 4386 graeca
1180 4295 1264 4374 οἰκος
1280 4291 1444 4367 derivata.

279 4465 489 4475 -·--—-—..——

319 4556 341 4606 l.
357 4555 391 4607 00
405 4557 496 4608 virtute
511 4557 648 4608 litterarum
659 4570 697 4621 pa
713 4555 768 4607 vide
782 4555 857 4607 intra.
