3472 5648
617 1202 955 1307 PROllllllUll

248 1757 343 1830 Libri
357 1759 476 1855 plures
496 1760 538 1831 all
554 1782 618 1831 nos
635 1770 877 1855 pervenerunt,
905 1758 1062 1855 plerique
1076 1758 1219 1831 Xl-Xlll
1240 1762 1366 1833 saeculo

200 1901 345 1991 exarati,
374 1912 476 1997 atque
506 1924 647 1973 carmen
672 1901 846 1997 quoddam
876 1901 1094 1975 continentes
1123 1902 1219 1975 tt5o
1249 1902 1365 1974 latinis

198 2042 405 2115 hexametris
434 2043 677 2140 compositum,
706 2042 806 2139 cujus
834 2044 936 2116 heros
968 2044 1179 2117 Waltharius
1208 2044 1250 2116 ad
1277 2044 1364 2117 Atti-

197 2182 346 2256 lensium
363 2183 558 2257 fabularum
573 2183 708 2279 cyclum
732 2183 917 2257 manifesto
940 2183 1101 2280 pertinet.
1124 2184 1223 2271 Quod
1240 2207 1363 2281 poema

197 2351 304 2423 quum
319 2326 403 2399 olim
417 2327 556 2399 Fauriel
575 2326 740 2399 temerius
759 2325 892 2421 gallicis
912 2326 1035 2399 litteris
1055 2327 1223 2423 repetivit,
1244 2339 1362 2423 postea

195 2470 398 2543 certissimis
414 2470 622 2543 testimoniis
639 2494 657 2543 a
672 2470 881 2563 germanicis
892 2469 1119 2565 scriptoribus
1130 2480 1361 2543 monstratum

195 2624 257 2703 est,
275 2612 368 2686 idem
392 2614 434 2686 ad
463 2613 680 2709 germanicas
708 2612 839 2685 litteras
870 2613 1056 2709 pertinere.
1087 2613 1230 2685 h'ullum
1254 2614 1358 2703 enim,

191 2776 234 2827 ne
253 2754 438 2826 minimum
462 2753 615 2849 quidem,
632 2752 776 2849 reperiri
798 2764 912 2850 potest
930 2752 966 2823 in
987 2752 1046 2826 illo
1062 2753 1245 2849 vestigium
1267 2755 1358 2849 quod

189 2919 260 2969 non
280 2896 517 2992 germanicam
541 2895 712 2991 originem
734 2896 837 2985 oleat,
862 2918 975 2990 neque
998 2895 1072 2991 ipsa
1096 2894 1223 2983 fabula,
1245 2918 1358 2992 neque

189 3037 287 3112 locus
301 3038 361 3112 ubi
379 3038 503 3133 agitur,
526 3060 638 3133 neque
653 3060 767 3110 mores
789 3038 947 3127 heroum,
964 3060 1077 3134 neque
1097 3060 1211 3111 sermo
1230 3037 1358 3111 latinus

187 3182 426 3275 germanicum
440 3204 574 3254 morem
590 3180 728 3253 dicemli
744 3180 922 3253 nonnullis
936 3179 1022 3253 locis
1039 3182 1201 3276 prodens,

235 3323 418 3413 Praeterea,
435 3332 619 3417 postquam
630 3320 761 3393 (liutius
778 3320 972 3393 dubitatum
984 3322 1050 3393 luit
1064 3323 1224 3417 quisnam
1236 3336 1357 3397 auctor

186 3484 325 3533 carmen
345 3458 537 3555 scripserit,
557 3458 639 3531 huic
664 3481 800 3553 quoque
827 3458 1010 3552 quaestioni
1032 3460 1088 3531 lux
1113 3461 1211 3532 allata
1239 3473 1291 3532 est
1315 3484 1354 3533 ex

185 3598 463 3695 historiographo
493 3598 642 3695 quodam
678 3596 849 3670 Gallensis
880 3597 1094 3689 monasterii,
1124 3598 1224 3695 cujus
1256 3600 1353 3672 testi-

185 3741 312 3815 moniis
328 3739 500 3837 liquidum
516 3739 645 3811 lactum
657 3738 962 3834 est‚compositum
974 3738 1080 3813 fuisse
1091 3763 1211 3836 poema
1228 3740 1353 3837 inipso

185 3881 395 3957 monasterio
414 3880 577 3955 Gallensi.

233 4032 283 4104 De
318 4031 445 4127 quibus
473 4030 578 4103 rebus
604 4052 712 4124 quum
738 4052 755 4101 a
785 4030 992 4125 germanicis
1024 4030 1253 4127 scriptoribus
1283 4042 1353 4103 tom

184 4196 275 4269 saepe
295 4182 397 4267 atque
415 4182 486 4243 tam
501 4181 619 4267 aperte
635 4170 776 4265 quidem
792 4171 979 4243 dissertum
995 4180 1058 4259 est,
1073 4180 1112 4240 ut
1123 4169 1194 4264 jam
1211 4170 1295 4241 nihil
1316 4170 1351 4241 in

184 4315 375 4411 quaestione
391 4314 542 4410 supersit
561 4314 652 4408 quod
677 4336 747 4385 non
779 4313 870 4409 apud
896 4314 1086 4385 Germanos
1110 4312 1255 4407 vulgatae
1279 4312 1351 4384 sere

184 4456 230 4529 sit
256 4455 399 4545 notitia-e,
420 4466 495 4527 tum
513 4456 604 4550 apud
629 4464 800 4527 nostrates
829 4453 880 4523 vir
906 4452 948 4524 de
972 4452 1026 4525 his
1050 4452 1198 4526 inventis
1223 4452 1280 4524 hic
1298 4454 1350 4525 vel

185 4596 257 4669 illic
274 4596 420 4669 strictim
432 4594 564 4667 dictum
580 4605 641 4669 est.
655 4594 776 4691 Operae
789 4617 871 4686 ergo
882 4594 1032 4689 pretium
1047 4593 1147 4666 nobis
1158 4593 1348 4678 videbatur,
