3472 5648
419 593 758 697 ¹--re-

103 760 202 844 Quod
216 759 359 855 quidem
369 759 412 831 ad
422 759 604 832 Waltharii
620 782 806 855 personam
824 772 965 857 spectat,
981 785 1125 858 prorsus
1140 787 1219 838 con·

52 881 222 955 silendum
241 892 294 956 est
308 881 439 954 rariora
450 904 526 954 esse
542 881 577 953 in
588 904 628 955 eo
640 881 767 955 indicia
783 883 934 956 coelestis
946 894 1088 975 naturae,
1105 909 1219 982 neque

53 1006 161 1078 ullam
183 1006 258 1102 ejus
276 1004 490 1077 mentionem
511 1003 585 1076 fieri
611 1004 648 1076 in
670 1005 777 1078 sacris
801 1007 1130 1103 septentrionalibus
1148 1033 1222 1083 car·

55 1129 221 1219 minibus,
238 1128 305 1201 nisi
322 1129 467 1202 tortasse
483 1150 612 1200 nomen
628 1114 703 1226 ejus
722 1153 802 1202 cnm
818 1130 882 1203 deo
898 1130 999 1217 Wali,
1017 1131 1120 1205 Odini
1136 1133 1220 1221 filio,

55 1253 116 1349 qui
131 1254 226 1326 Hddr
241 1251 419 1342 interficit,
440 1251 611 1342 conferre,
629 1253 680 1325 vel
700 1251 735 1324 in
752 1253 893 1327 nomine
909 1255 1061 1351 parentis
1080 1256 1221 1352 Alpheri

56 1378 201 1472 stirpem
219 1376 315 1448 illam
333 1375 502 1465 Aliorum,
524 1398 649 1472 nempe
670 1376 816 1449 deornm
834 1400 984 1473 quornm
1004 1379 1040 1450 in
1061 1402 1139 1452 aere
1157 1379 1222 1452 im-

56 1497 191 1595 perium
208 1497 314 1572 situm
337 1510 399 1587 est,
426 1519 615 1591 agnoscere
639 1497 818 1595 placuerit.
838 1500 917 1573 Non
933 1511 1049 1573 tamen
1071 1501 1222 1594 infitian-

56 1623 140 1694 dum
157 1632 210 1695 est
225 1621 382 1717 ejusdem
400 1620 518 1693 virtuti
534 1632 568 1693 et
582 1620 775 1695 fortitudini
792 1623 908 1697 nescio
924 1624 1007 1720 quid
1026 1624 1140 1698 inesse
1155 1649 1223 1722 quo

56 1747 130 1842 ipse
150 1744 312 1820 semideis
328 1743 396 1816 illis
414 1742 607 1839 Siegfriedo
623 1755 657 1817 et
670 1744 795 1818 Achilli
811 1745 1008 1821 simillimus
1023 1748 1083 1820 frat
1094 1754 1117 1822 ¹.

104 1867 274 1964 Hiltgund
309 1890 389 1939 vero
416 1887 487 1938 non
509 1865 654 1939 dubium
686 1877 738 1940 est
767 1868 852 1963 quin
880 1868 1046 1966 Vallryriae
1078 1869 1224 1966 alicujus

59 1992 259 2086 imaginem,
276 1986 475 2086 quanquam
490 1989 741 2081 obscuriorem,
761 1992 921 2089 praebeat.
936 1993 1030 2065 lnter
1049 1993 1225 2090 Valkyrias

59 2116 152 2188 enim
176 2112 366 2209 dequibus
391 2112 426 2184 in
444 2110 549 2184 Eddo
570 2135 684 2186 sermo
706 2125 769 2204 est,
795 2114 873 2187 duae
889 2115 1082 2210 praesertim
1112 2115 1226 2212 dignae

61 2249 143 2310 sunt
167 2236 294 2333 quibus
323 2236 498 2308 attendas:
529 2234 630 2307 Hildr
654 2247 688 2307 et
712 2234 959 2326 Gunnardico,
989 2261 1136 2333 quarum
1166 2262 1228 2312 no-

61 2360 152 2434 mina
177 2362 351 2456 (pappum,
368 2359 543 2454 prelium,
563 2357 807 2454 significantia)
831 2358 859 2432 si
877 2359 1111 2457 conjunxeris,
1129 2361 1227 2434 Hild-

61 2485 156 2580 gund
171 2482 348 2556 habueris.

111 2607 151 2678 ln
179 2604 451 2678 stopa-liddae
484 2615 655 2695 narratur,
685 2604 758 2698 regi
784 2604 922 2677 cuidam
946 2607 1087 2679 nomine
1116 2609 1230 2705 Hdgni

62 2729 169 2800 filiam
195 2728 302 2801 luisse
326 2728 438 2801 Hilldr
462 2739 629 2802 vocatam.
654 2728 750 2818 Quae,
771 2750 852 2800 cum
877 2751 895 2799 a
915 2729 1042 2826 juvene
1068 2730 1229 2826 quodam,

59 2853 183 2943 Hedin‚
205 2865 302 2949 rapta
324 2853 457 2943 luisset,
480 2852 654 2950 fugientes
670 2875 748 2926 cum
765 2852 847 2925 viris
866 2852 937 2927 suis
953 2855 1067 2951 lldgni
1082 2855 1232 2951 insequi-

62 2986 119 3048 tur
135 2986 169 3048 et
183 2987 329 3072 occupat
340 2977 368 3065 3;
386 2987 530 3050 cruento
550 2975 738 3049 certamine
755 2974 852 3065 inito,
870 2976 961 3048 ultro
973 2977 1130 3073 citroque
1145 3002 1232 3052 non-

65 3099 150 3172 nulli
167 3110 354 3187 necantur;
382 3121 468 3195 qnos
490 3099 526 3170 in
551 3121 627 3171 saxa
653 3108 803 3171 mutatos
827 3109 929 3172 nocte
944 3099 1056 3172 Hilldr
1072 3101 1232 3177 cantibus

63 3223 135 3296 suis
150 3224 193 3296 ad
209 3222 314 3294 vitam
338 3232 488 3312 revocat,
509 3222 555 3294 ita
573 3232 612 3294 ut
627 3222 738 3318 prima
758 3221 835 3294 luce
853 3221 1012 3318 praelium
1031 3223 1146 3298 denuo
1162 3225 1233 3298 ins-

65 3357 241 3437 tauretur3
268 3369 380 3442 neque
402 3347 506 3444 hujus
522 3345 631 3442 praelii
655 3357 752 3418 antea
768 3345 875 3419 finem
890 3346 975 3436 lore,
993 3348 1088 3419 addit
1104 3348 1231 3439 fabula,

104 3587 126 3634 1.
145 3582 281 3633 Notandum
297 3583 344 3648 est,
360 3582 386 3631 in
400 3581 507 3632 carmine
521 3583 606 3631 nostro
619 3592 741 3641 nusquam
756 3579 889 3629 walthario
905 3579 1040 3640 epithetum
1053 3581 1114 3633 illud
1131 3600 1142 3626 «ι
1159 3597 1234 3636 manu

65 3663 136 3713 tortis
155 3679 165 3706 l
185 3661 267 3728 adjici,
285 3674 333 3724 quo
347 3662 427 3712 utitur
440 3660 599 3711 Ekkehardus
616 3659 642 3710 lll
653 3659 678 3709 in
688 3657 790 3709 Casibus
800 3653 881 3721 (Mon.
895 3660 994 3723 Germ,
1007 3657 1076 3727 113).
1089 3660 1234 3726 Plerumque

70 3744 191 3793 «heros»
211 3742 358 3808 appellatur,
370 3741 409 3791 oui
425 3741 479 3790 voci
488 3740 635 3803 adjectivum
649 3739 748 3802 aliqum
757 3739 976 3806 numeniungitur,
985 3743 1035 3791 ut«
1049 3742 1233 3808 celebenimus,

67 3821 207 3885 laudabilis,
225 3821 354 3887 maximus,
375 3819 533 3886 fortissimus,
550 3818 728 3886 magnanimus
745 3818 901 3870 cautissimus
920 3835 949 3880 »;
968 3823 1010 3871 ant
1031 3839 1042 3866 a
1060 3822 1099 3872 uir
1111 3822 1236 3884 magnani-

67 3913 132 3966 mus,
148 3900 229 3959 tortis,
244 3901 310 3951 celer
329 3915 360 3961 r;
376 3903 420 3951 aut
436 3915 447 3943 a
462 3899 561 3962 juvenis
574 3897 724 3950 fortissimus
741 3913 765 3949 a,
785 3897 812 3948 ln
832 3899 891 3950 solis
907 3899 1020 3952 uersibus
1040 3902 1105 3954 1333
1129 3915 1180 3967 sep,
1206 3903 1236 3952 ad

67 3991 166 4030 manum
180 3979 247 4031 illius
261 3979 397 4030 alluditur:

290 4165 486 4181 .......
515 4127 640 4178 recidebat
655 4128 756 4178 dextera
765 4128 836 4180 tortis

284 4208 401 4259 Gentibus
416 4221 445 4258 ac
460 4206 556 4270 populis
569 4207 653 4258 multis
668 4210 783 4270 suspecta
796 4209 917 4271 tyrannis.

105 4367 131 4414 2.
150 4366 197 4414 Dic
211 4361 296 4428 Edda,
311 4365 446 4416 ubersetzt
456 4364 514 4415 und
528 4365 655 4415 erldctcrl
669 4363 980 4428 praememorata.
995 4363 1055 4416 ton.
1068 4366 1147 4427 Cotta,
1161 4365 1237 4433 1851,

68 4458 94 4506 p.
114 4443 175 4494 313.

105 4545 130 4592 3.
148 4539 184 4590 (li.
200 4552 284 4606 supra,
301 4552 326 4602 p.
342 4541 383 4607 tr,
399 4541 506 4591 tabulam
522 4554 553 4592 ex
571 4540 742 4604 veihamma
757 4539 899 4603 exhibitam,
911 4540 937 4591 in
947 4553 997 4604 qua
1011 4541 1103 4604 pariter
1118 4543 1241 4603 raptorem

69 4622 205 4684 insequens
219 4618 298 4670 hostis
313 4618 391 4681 nonni
406 4621 517 4671 vocatur.
