3472 5648
746 570 988 643 ..18-

279 737 476 832 compellat,
505 747 608 832 atque
630 761 680 810 vv.
709 737 757 811 a5
782 736 824 809 ad
854 737 971 825 finem,
995 732 1056 806 uhi
1074 731 1195 806 eadem
1213 727 1445 802 Guntharinm

280 859 418 931 incusat
433 858 525 954 quod
541 859 636 956 prior
657 881 770 955 neque
788 859 860 932 ulio
878 858 958 954 jure
978 852 1169 930 Walthario
1187 852 1257 924 vim
1277 849 1445 951 intulerit,

281 982 431 1078 denique
446 981 540 1077 quod
555 982 608 1078 (ut
623 981 658 1053 in
676 994 795 1056 nostro
811 982 952 1078 quidem
967 976 1137 1076 poemate)
1158 975 1285 1050 scrinia
1302 971 1447 1046 armillis

281 1107 395 1202 plena,
407 1105 521 1179 oblata
532 1104 575 1177 ad
586 1105 840 1178 conciliandam
850 1128 971 1201 pacem
981 1101 1152 1178 abnuerit.
1161 1100 1283 1195 Neque
1294 1120 1397 1172 secus
1408 1120 1447 1170 ac

280 1231 317 1301 in
332 1228 486 1317 carmine
502 1240 619 1302 nostro
634 1229 845 1303 Waltharius
860 1240 893 1301 et
907 1226 1074 1324 Hiitgund
1094 1225 1292 1300 christianae
1307 1221 1447 1316 reiigio-

282 1353 336 1425 nis
354 1351 537 1448 praeceptis
552 1351 677 1424 imbuti
696 1363 797 1442 sunt;
816 1351 923 1424 altera
949 1349 1043 1424 enim
1067 1347 1197 1421 amanti
1222 1346 1287 1443 (vv.
1307 1345 1356 1418 to
1381 1341 1447 1440 sq.)

280 1474 465 1570 exprobrat
488 1474 579 1570 quod
600 1474 737 1570 saepius,
763 1475 887 1546 virtute
906 1481 1076 1568 arreptus,
1100 1465 1448 1564 temeriusque'peri-

280 1597 367 1671 culis
385 1620 461 1670 sese
479 1597 641 1687 offerens,
656 1598 766 1669 Deum
780 1580 980 1685 tentaverit3
997 1594 1086 1667 alter
1103 1615 1195 1682 vero,
1214 1593 1349 1665 hostem
1360 1589 1447 1663 allo-

182 1757 188 1772 ·
280 1742 404 1814 quens,
423 1719 494 1791 Deo
514 1742 590 1793 sese
609 1720 786 1792 confidere
811 1719 905 1808 dicit,
925 1717 996 1814 qui,
1019 1738 1176 1789 summus
1189 1713 1281 1810 juris
1303 1712 1447 1801 arbiter,

275 1843 407 1938 justam
424 1843 603 1915 victoriam
618 1842 796 1938 dispenset
813 1841 883 1938 (soi.
900 1842 935 1930 h,
953 1865 1001 1912 vv¹
1017 1841 1065 1938 25
1085 1837 1163 1934 sq).

330 1964 422 2048 Quas
436 1963 588 2037 diversas
611 1965 735 2038 iabulae
755 1975 881 2038 nostrae
899 1961 1031 2059 species
1055 1961 1083 2034 si
1100 1960 1191 2032 inter
1215 1983 1252 2033 se
1269 1980 1450 2054 compara*

280 2087 381 2176 veris,
407 2087 486 2159 etsi
513 2088 699 2161 removeris
723 2086 890 2183 quidquid
919 2084 1064 2182 singulis
1086 2083 1271 2177 alienigeni
1291 2083 1449 2155 additum

281 2219 345 2298 est,
369 2220 613 2301 argumentum
639 2209 812 2303 quoddam
840 2208 1002 2282 omnibus
1026 2229 1213 2280 commune
1244 2225 1450 2301 expromere

280 2331 423 2425 poteris,
443 2354 569 2428 nempe
587 2330 739 2427 puellam
756 2331 799 2403 ab
816 2341 952 2403 amante
972 2339 1104 2425 raptam
1119 2340 1154 2401 et
1174 2339 1352 2424 raptorem
1367 2349 1449 2400 cum

281 2452 488 2546 urgentibus
503 2453 660 2526 hostibus
676 2465 899 2550 pugnantem.

329 2576 449 2672 Neque
465 2577 530 2650 hoc
545 2600 754 2673 quemquam
774 2577 861 2674 fugit
878 2588 1005 2672 quanta
1028 2576 1072 2648 sit
1099 2575 1225 2649 subulae
1244 2583 1374 2647 nostrae
1390 2596 1450 2648 co-

281 2697 442 2792 gnatioet
456 2699 554 2793 quasi
565 2700 848 2793 consanguinitas
864 2722 944 2772 cum
955 2699 1080 2772 ceteris
1090 2697 1300 2794 germanicis
1311 2697 1452 2785 sabulis,

281 2821 414 2916 quaein
435 2821 577 2894 heroico
599 2846 670 2895 aevo
692 2834 853 2918 aguntur,
879 2823 1038 2918 inprimis
1064 2845 1144 2896 cum
1171 2821 1327 2896 carmine
1344 2822 1455 2895 Nite-

281 2942 419 3036 luupcn,
450 2947 613 3037 quocum
631 2968 701 3018 non
734 2946 847 3018 solum
878 2969 1104 3042 personarum
1126 2948 1286 3048 quaedam
1309 2945 1454 3051 nomina

281 3065 480 3136 communia
508 3066 612 3139 habet
635 3069 687 3162 (ut
709 3081 790 3140 sunt
815 3069 1025 3162 Haganonis,
1042 3068 1237 3158 Guntharii‚
1265 3069 1454 3142 «Franco-

282 3209 361 3257 rum
380 3187 604 3260 Nebulonum
621 3216 653 3278 r,
679 3189 793 3262 Attilae
816 3191 907 3284 regis
930 3202 964 3262 et
982 3190 1099 3264 uxoris
1115 3191 1268 3282 Helchae,
1283 3192 1359 3264 haec
1375 3190 1455 3286 qui-

282 3306 361 3379 dem
378 3309 413 3380 in
432 3310 585 3382 carmine
602 3310 742 3407 Ospirin
756 3313 1012 3407 vocatu1·¹),sed
1030 3314 1131 3410 cujus
1142 3315 1257 3387 fabula
1273 3315 1310 3387 in
1327 3315 1455 3388 iisdem

280 3452 380 3525 paene
398 3430 496 3521 lociS,
522 3455 647 3530 nempe
672 3435 716 3506 ad
735 3436 866 3509 ssumen
889 3437 1051 3510 Rhenum
1068 3437 1153 3509 etin
1168 3438 1385 3513 Wormatica
1400 3461 1457 3511 re·

281 3551 385 3644 gione
402 3553 526 3648 agitur.
1415 3582 1416 3586 ’

331 3674 422 3745 Illud
444 3687 560 3747 autem
579 3689 725 3768 constat,
741 3678 894 3752 fabulam
914 3682 1222 3778 Nibelungensem‚
1248 3707 1456 3781 quanquam

284 3795 321 3865 in
346 3795 521 3869 historicis
547 3799 650 3872 rehus
664 3801 793 3873 versari
807 3801 953 3892 videtur,
976 3828 1013 3877 re
1038 3806 1113 3901 ipsa
1128 3807 1281 3902 mythico
1297 3808 1455 3902 quodam

284 3915 379 3988 sonte
407 3918 590 4008 effluxisse,
620 3931 654 3993 et
681 3921 816 4011 heroas,
844 3923 1086 3998 humaniorem
1119 3927 1262 4022 quidem
1290 3943 1458 4026 gerentes

282 4060 478 4133 personam,
497 4039 648 4112 divinum
666 4043 834 4136 originem
857 4046 995 4120 ducere.
1016 4050 1106 4134 Quid
1131 4052 1160 4122 si
1178 4074 1197 4123 e
1222 4064 1345 4127 nostro
1366 4077 1456 4151 quo·

283 4179 351 4252 que
364 4169 522 4253 poemate
544 4160 646 4234 talem
660 4163 767 4260 mythi
783 4167 946 4239 nucleum
962 4192 1164 4265 expromere
1177 4173 1299 4248 liceret
1313 4177 1331 4247 ‘i

323 4462 347 4513 t.
364 4462 487 4520 Quomodo
500 4464 590 4515 Grimm
601 4465 696 4528 Ospin'n
705 4479 793 4518 nomen
803 4470 924 4532 explicare
933 4474 1074 4539 tentaverit,
1085 4476 1141 4527 ride
1154 4479 1331 4546 waltharius,
1349 4495 1376 4545 p.
1391 4482 1453 4535 119.

283 4536 321 4591 Gr.
337 4542 435 4603 osptru
448 4544 492 4592 itio
506 4543 610 4593 Heroon
623 4545 681 4594 cod
692 4545 805 4608 Hapouo
816 4547 842 4598 in
855 4549 926 4601 Atta.
947 4552 1061 4616 Wutdcr,
1076 4553 1107 4621 11,
1123 4555 1217 4608 4245.
