3472 5648
719 496 960 569 -ll—

253 659 449 758 principem
471 663 669 757 quemdam,
685 661 896 735 debellatum
926 662 961 733 in
986 661 1074 734 turri
1099 662 1230 736 castelli
1259 662 1418 736 includit.

248 784 354 858 Hunc
369 785 554 882 captivum,
564 785 688 860 Wislai
704 786 858 876 nomine,
870 809 951 858 cum
970 796 1060 859 esset
1071 812 1088 855 «
1101 787 1221 859 formae
1236 786 1420 884 elegantis-

250 906 348 981 simae
373 918 408 981 et
433 925 578 1007 empore
601 919 822 998 venustus»,
853 909 1047 1004 Helgunda‚
1074 910 1157 982 dum
1175 909 1353 984 Walterus
1378 910 1423 982 ad

253 1052 340 1103 nova
353 1030 444 1105 bella
454 1031 605 1127 gerenda
614 1033 791 1129 profectus
802 1041 918 1121 erate
935 1031 1021 1104 turri
1035 1031 1136 1105 educi
1144 1031 1260 1128 jussit,
1273 1054 1422 1129 cumque

254 1174 294 1226 eo
310 1152 457 1227 liberato
475 1154 620 1252 aufugit.
647 1153 739 1241 Quin
763 1154 833 1227 imo
854 1155 998 1252 perfidia
1020 1155 1097 1253 ejus
1122 1155 1284 1230 ellectum
1308 1166 1361 1230 est
1386 1165 1424 1228 ut

254 1276 431 1352 Waltcrus
457 1277 493 1351 in
517 1279 640 1354 Wislai
667 1301 792 1352 manus
816 1278 1006 1368 incideret;
1031 1289 1151 1376 postca
1174 1278 1322 1353 vinculis
1349 1256 1424 1352 alli·

256 1411 355 1498 gatus
370 1424 447 1476 esse
466 1403 619 1476 refertur
641 1401 769 1499 inipso
788 1401 980 1490 coenaculo,
999 1400 1060 1474 ubi
1076 1400 1190 1474 rivalis
1212 1424 1327 1475 <ccum
1345 1401 1425 1474 Hel·

257 1524 373 1621 gunda
385 1525 503 1599 aestivo
518 1535 676 1622 tempore
692 1524 782 1597 infra
801 1523 983 1598 meridiem
998 1524 1244 1598 delectationes
1259 1547 1423 1599 venereas

258 1648 440 1725 exercebat
458 1676 490 1741 u,
512 1659 546 1723 ct
570 1647 620 1722 sic
648 1647 846 1746 spectaculo
861 1644 1119 1742 flagitiosissimi
1147 1647 1275 1721 amoris
1302 1671 1423 1721 excru-

256 1771 367 1845 ciatus
391 1770 510 1846 luisse.
536 1773 719 1845 Postremo
747 1792 846 1843 soror
865 1769 1001 1861 Wislai‚
1024 1793 1100 1866 quae
1121 1772 1254 1868 captivo
1276 1795 1294 1845 a
1318 1773 1425 1845 fratre

256 1907 373 1972 custos
395 1895 580 1995 praeposita
596 1907 680 1987 erat,
694 1894 933 1969 misericordie
956 1917 1021 1969 nec
1043 1918 1113 1968 non
1136 1920 1254 1970 amore
1272 1895 1425 1971 infelicis

255 2033 363 2111 mota,
394 2020 514 2095 fractis
547 2019 695 2094 vinculis
726 2020 922 2092 Walterum
956 2017 1090 2092 liberat.
1120 2019 1187 2106 Qui
1222 2043 1348 2094 oense
1375 2019 1424 2092 vi-

255 2144 356 2218 brato
383 2154 550 2240 utrosque
569 2166 632 2241 per
650 2141 804 2216 medium
822 2140 925 2216 scidit
941 2168 973 2214 s.

306 2267 468 2341 Attamen
482 2265 555 2362 jam
573 2289 683 2363 pauca
699 2265 801 2339 verba
822 2264 980 2338 facienda
1001 2264 1044 2337 de
1068 2265 1262 2358 fragmento
1282 2264 1341 2338 illo
1365 2289 1426 2338 an-

258 2391 485 2486 glo-saxonici
501 2389 669 2486 poematis
684 2389 726 2461 de
741 2411 810 2484 quo
827 2411 940 2461 sermo
956 2388 1020 2460 luit
1039 2411 1153 2484 supra.
1181 2391 1323 2463 Constat
1339 2388 1426 2462 illud

259 2537 298 2588 ex
323 2514 459 2588 duobus
484 2512 587 2602 loliis,
613 2535 761 2608 quornm
781 2524 928 2608 utraque
949 2513 1083 2609 pagella
1107 2513 1155 2585 16
1183 2513 1322 2586 circiter
1348 2537 1424 2586 ver-

260 2661 319 2714 sus
334 2637 508 2725 continet3
526 2637 563 2709 in
580 2637 697 2735 priore
712 2635 795 2710 lolio
815 2637 982 2730 Hiltgund
997 2635 1176 2709 inducitur
1191 2636 1425 2711 Waltharium

254 2762 400 2839 hortans
427 2771 465 2834 ut
496 2761 570 2835 ensi
600 2784 671 2835 suae
698 2787 715 2830 «
740 2759 929 2835 Welandiae
957 2759 1137 2834 fabricae»
1168 2761 1361 2852 conlidens,
1393 2771 1427 2833 et

260 2897 406 2960 assuetae
426 2885 562 2959 virtutis
584 2908 730 2974 memor,
755 2894 874 2958 contra
902 2883 1134 2958 Guntharium
1160 2883 1425 2978 congrediatur;

260 3007 297 3081 in
311 3008 421 3082 altero
438 3007 549 3105 primo
566 3009 798 3084 Guntharinm
811 3009 1014 3104 loquentem
1027 3008 1134 3083 habes
1150 3019 1184 3082 et
1199 3009 1342 3105 quidem
1358 3010 1427 3105 gla-

260 3131 354 3204 dium
384 3154 487 3205 suum
512 3131 710 3205 laudantem
722 3159 737 3222 ;·
761 3154 865 3228 quem
894 3131 1109 3228 respondens
1140 3131 1353 3206 Waltharius
1385 3135 1427 3208 ad

257 3255 550 3348 committendum
568 3256 727 3352 praelium
745 3254 893 3329 lacessit.
915 3255 997 3326 Haec
1015 3255 1208 3348 fragmenta
1229 3279 1428 3352 quanquam

260 3389 342 3452 sunt
356 3378 570 3469 brevissima,
588 3378 688 3452 lacile
704 3389 755 3452 est
773 3377 889 3450 videre
909 3376 996 3448 nihil
1013 3400 1088 3450 esse
1109 3377 1145 3449 in
1161 3378 1230 3450 illis
1244 3378 1338 3473 quod
1357 3400 1427 3450 non

259 3523 341 3573 cum
375 3498 486 3574 nostri
514 3498 700 3573 Woltborc'c'
721 3508 926 3596 argumento
953 3499 1159 3572 consentiat.
1189 3501 1239 3572 Ex
1267 3499 1428 3596 pluribus

261 3622 356 3696 enim
375 3621 513 3696 indiciis
534 3621 647 3696 elucet
669 3645 847 3696 sermones
866 3620 909 3695 ab
930 3620 1095 3695 heroibus
1114 3624 1151 3694 in
1173 3621 1232 3695 illo
1251 3633 1428 3696 momento

261 3746 407 3820 actionis
417 3745 647 3842 pronuntiari,
660 3769 740 3842 quo,
751 3745 883 3820 necatis
895 3744 1020 3819 ceteris
1036 3744 1213 3820 sodalibus
1229 3745 1427 3836 Guntharii‚

257 3868 329 3966 jam
350 3869 428 3966 ipsi,
448 3869 634 3942 auxiliante
657 3870 856 3964 Euganeae,
882 3890 1085 3964 supremum
1105 3878 1283 3942 certamen
1309 3878 1429 3942 contra

261 3991 495 4067 Waltharium
520 3990 780 4088 suscipiendum
803 4000 865 4064 est.
889 3991 1051 4064 Ceterum
1071 3989 1199 4085 singuli
1222 3991 1290 4064 loci
1312 3992 1432 4066 certis·

260 4115 352 4190 sime
362 4115 518 4190 indicant
528 4114 714 4188 arctiorem
725 4114 968 4210 cognationem
980 4136 1055 4188 esse
1066 4111 1120 4187 his
1129 4114 1332 4209 fragmentis
1348 4138 1429 4189 cum

262 4249 422 4338 poemate
437 4249 577 4312 nostro:
597 4239 688 4312 inter
712 4261 798 4335 quos
813 4263 864 4310 vv.
890 4237 913 4309 6
935 4246 969 4308 ct
992 4237 1035 4309 ll
1063 4235 1190 4333 prioris
1210 4237 1284 4311 lolii
1303 4238 1430 4334 quibus

263 4363 432 4462 Hiltgund
446 4363 678 4438 Waltharium
696 4390 713 4433 c
730 4364 832 4436 Atlan
849 4359 996 4454 ordvyga
1014 4383 1046 4447 r,
1063 4357 1098 4429 id
1114 4370 1166 4432 est
1181 4359 1324 4435 «Attilae
1334 4362 1432 4460 regni

264 4483 425 4558 columna
438 4509 454 4552 u
467 4482 524 4579 (cl.
537 4481 675 4571 Woltlc„
686 4482 811 4578 ulid)
820 4492 853 4555 et
867 4467 1057 4554 uillllreres
1069 4503 1187 4554 sunu»
1199 4479 1434 4578 (Alpharides)

368 4616 532 4649 mmmmmmmmm
1317 4609 1329 4650 ῃ
