<?xml version="1.0" encoding="UTF-8"?>
<!DOCTYPE html PUBLIC "-//W3C//DTD XHTML 1.0 Transitional//EN"
    "http://www.w3.org/TR/xhtml1/DTD/xhtml1-transitional.dtd">
<html xmlns="http://www.w3.org/1999/xhtml" xml:lang="en" lang="en">
 <head>
  <title>
</title>
<meta http-equiv="Content-Type" content="text/html;charset=utf-8" />
  <meta name='ocr-system' content='tesseract 3.04.00' />
  <meta name='ocr-capabilities' content='ocr_page ocr_carea ocr_par ocr_line ocrx_word'/>
</head>
<body>
  <div class='ocr_page' id='page_1' title='image "./depoematelatino00schwgoog_0144.png"; bbox 0 0 3472 5648; ppageno 0'>
   <div class='ocr_carea' id='block_1_1' title="bbox 648 552 912 623">
    <p class='ocr_par' dir='ltr' id='par_1_1' title="bbox 648 552 912 623">
     <span class='ocr_line' id='line_1_1' title="bbox 648 552 912 623; baseline 0.008 -2"><span class='ocrx_word' id='word_1_1' title='bbox 648 593 692 602; x_wconf 92' lang='lat'>-</span> <span class='ocrx_word' id='word_1_2' title='bbox 744 552 816 623; x_wconf 76' lang='lat' dir='ltr'>loa</span> <span class='ocrx_word' id='word_1_3' title='bbox 868 592 912 601; x_wconf 90' lang='lat'>—</span> 
     </span>
    </p>
   </div>
   <div class='ocr_carea' id='block_1_2' title="bbox 102 715 1367 4637">
    <p class='ocr_par' dir='ltr' id='par_1_2' title="bbox 102 715 1366 2909">
     <span class='ocr_line' id='line_1_2' title="bbox 195 715 1361 811; baseline 0 -23"><span class='ocrx_word' id='word_1_4' title='bbox 195 718 317 811; x_wconf 84' lang='lat' dir='ltr'>dequo</span> <span class='ocrx_word' id='word_1_5' title='bbox 337 715 372 786; x_wconf 92' lang='lat' dir='ltr'>in</span> <span class='ocrx_word' id='word_1_6' title='bbox 389 716 533 788; x_wconf 74' lang='lat' dir='ltr'>Caribus</span> <span class='ocrx_word' id='word_1_7' title='bbox 548 738 661 788; x_wconf 91' lang='lat' dir='ltr'>sermo</span> <span class='ocrx_word' id='word_1_8' title='bbox 678 715 727 805; x_wconf 87' lang='lat' dir='ltr'>fit,</span> <span class='ocrx_word' id='word_1_9' title='bbox 742 715 942 789; x_wconf 75' lang='lat' dir='ltr'>vacillanter</span> <span class='ocrx_word' id='word_1_10' title='bbox 953 716 1123 810; x_wconf 82' lang='lat' dir='ltr'>quideme</span> <span class='ocrx_word' id='word_1_11' title='bbox 1140 739 1248 811; x_wconf 92' lang='lat' dir='ltr'>puero</span> <span class='ocrx_word' id='word_1_12' title='bbox 1265 739 1361 790; x_wconf 90' lang='lat' dir='ltr'>com·</span> 
     </span>
     <span class='ocr_line' id='line_1_3' title="bbox 195 838 1363 935; baseline 0.001 -24"><span class='ocrx_word' id='word_1_13' title='bbox 195 839 347 935; x_wconf 90' lang='lat' dir='ltr'>positum</span> <span class='ocrx_word' id='word_1_14' title='bbox 369 852 471 935; x_wconf 88' lang='lat' dir='ltr'>atque</span> <span class='ocrx_word' id='word_1_15' title='bbox 496 839 539 912; x_wconf 89' lang='lat' dir='ltr'>ita</span> <span class='ocrx_word' id='word_1_16' title='bbox 559 839 745 912; x_wconf 81' lang='lat' dir='ltr'>teutonicis</span> <span class='ocrx_word' id='word_1_17' title='bbox 764 839 987 911; x_wconf 81' lang='lat' dir='ltr'>idiomatibus</span> <span class='ocrx_word' id='word_1_18' title='bbox 1009 838 1168 934; x_wconf 82' lang='lat' dir='ltr'>plenum,</span> <span class='ocrx_word' id='word_1_19' title='bbox 1190 852 1229 911; x_wconf 84' lang='lat' dir='ltr'>ut</span> <span class='ocrx_word' id='word_1_20' title='bbox 1249 863 1363 912; x_wconf 91' lang='lat' dir='ltr'>sermo</span> 
     </span>
     <span class='ocr_line' id='line_1_4' title="bbox 199 960 1363 1056; baseline 0 -24"><span class='ocrx_word' id='word_1_21' title='bbox 199 961 337 1034; x_wconf 90' lang='lat' dir='ltr'>nonnisi</span> <span class='ocrx_word' id='word_1_22' title='bbox 353 961 635 1056; x_wconf 85' lang='lat' dir='ltr'>germanicorum</span> <span class='ocrx_word' id='word_1_23' title='bbox 655 960 840 1033; x_wconf 88' lang='lat' dir='ltr'>verborum</span> <span class='ocrx_word' id='word_1_24' title='bbox 855 961 961 1033; x_wconf 85' lang='lat' dir='ltr'>series</span> <span class='ocrx_word' id='word_1_25' title='bbox 978 961 1145 1049; x_wconf 84' lang='lat' dir='ltr'>rideatur,</span> <span class='ocrx_word' id='word_1_26' title='bbox 1163 961 1197 1032; x_wconf 92' lang='lat' dir='ltr'>iu</span> <span class='ocrx_word' id='word_1_27' title='bbox 1219 961 1363 1033; x_wconf 92' lang='lat' dir='ltr'>latinum</span> 
     </span>
     <span class='ocr_line' id='line_1_5' title="bbox 196 1084 1362 1179; baseline 0 -24"><span class='ocrx_word' id='word_1_28' title='bbox 196 1107 384 1158; x_wconf 86' lang='lat' dir='ltr'>versorum.</span> <span class='ocrx_word' id='word_1_29' title='bbox 404 1084 585 1157; x_wconf 82' lang='lat' dir='ltr'>Lectiones</span> <span class='ocrx_word' id='word_1_30' title='bbox 602 1084 693 1156; x_wconf 89' lang='lat' dir='ltr'>enim</span> <span class='ocrx_word' id='word_1_31' title='bbox 713 1096 746 1157; x_wconf 92' lang='lat' dir='ltr'>et</span> <span class='ocrx_word' id='word_1_32' title='bbox 762 1084 891 1179; x_wconf 81' lang='lat' dir='ltr'>singuli</span> <span class='ocrx_word' id='word_1_33' title='bbox 906 1107 1024 1157; x_wconf 86' lang='lat' dir='ltr'>versus</span> <span class='ocrx_word' id='word_1_34' title='bbox 1045 1107 1131 1179; x_wconf 86' lang='lat' dir='ltr'>quos</span> <span class='ocrx_word' id='word_1_35' title='bbox 1146 1090 1250 1177; x_wconf 78' lang='grc' dir='ltr'>βδαγ</span> <span class='ocrx_word' id='word_1_36' title='bbox 1264 1085 1362 1157; x_wconf 91' lang='lat' dir='ltr'>addi-</span> 
     </span>
     <span class='ocr_line' id='line_1_6' title="bbox 196 1206 1362 1303; baseline -0.002 -23"><span class='ocrx_word' id='word_1_37' title='bbox 196 1207 324 1280; x_wconf 84' lang='lat' dir='ltr'>derunt</span> <span class='ocrx_word' id='word_1_38' title='bbox 342 1217 413 1278; x_wconf 90' lang='lat' dir='ltr'>tam</span> <span class='ocrx_word' id='word_1_39' title='bbox 431 1206 526 1303; x_wconf 89' lang='lat' dir='ltr'>parvi</span> <span class='ocrx_word' id='word_1_40' title='bbox 546 1207 714 1279; x_wconf 92' lang='lat' dir='ltr'>momenti</span> <span class='ocrx_word' id='word_1_41' title='bbox 734 1217 826 1295; x_wconf 89' lang='lat' dir='ltr'>sunt,</span> <span class='ocrx_word' id='word_1_42' title='bbox 847 1218 885 1278; x_wconf 94' lang='lat' dir='ltr'>ut</span> <span class='ocrx_word' id='word_1_43' title='bbox 906 1207 1015 1302; x_wconf 86' lang='lat' dir='ltr'>ipsius</span> <span class='ocrx_word' id='word_1_44' title='bbox 1030 1207 1194 1279; x_wconf 77' lang='lat' dir='ltr'>carminis</span> <span class='ocrx_word' id='word_1_45' title='bbox 1210 1207 1362 1280; x_wconf 87' lang='lat' dir='ltr'>indolem</span> 
     </span>
     <span class='ocr_line' id='line_1_7' title="bbox 199 1331 1361 1428; baseline -0.003 -23"><span class='ocrx_word' id='word_1_46' title='bbox 199 1355 318 1428; x_wconf 89' lang='lat' dir='ltr'>parum</span> <span class='ocrx_word' id='word_1_47' title='bbox 336 1331 533 1419; x_wconf 87' lang='lat' dir='ltr'>immutent,</span> <span class='ocrx_word' id='word_1_48' title='bbox 551 1331 762 1426; x_wconf 85' lang='lat' dir='ltr'>remotisque</span> <span class='ocrx_word' id='word_1_49' title='bbox 786 1331 971 1404; x_wconf 84' lang='lat' dir='ltr'>levioribus</span> <span class='ocrx_word' id='word_1_50' title='bbox 988 1331 1112 1402; x_wconf 91' lang='lat' dir='ltr'>horum</span> <span class='ocrx_word' id='word_1_51' title='bbox 1133 1331 1361 1404; x_wconf 88' lang='lat' dir='ltr'>correctioni·</span> 
     </span>
     <span class='ocr_line' id='line_1_8' title="bbox 198 1453 1359 1550; baseline -0.001 -22"><span class='ocrx_word' id='word_1_52' title='bbox 198 1455 275 1545; x_wconf 87' lang='lat' dir='ltr'>bus,</span> <span class='ocrx_word' id='word_1_53' title='bbox 294 1476 383 1550; x_wconf 90' lang='lat' dir='ltr'>opus</span> <span class='ocrx_word' id='word_1_54' title='bbox 406 1453 580 1548; x_wconf 83' lang='lat' dir='ltr'>quoddam</span> <span class='ocrx_word' id='word_1_55' title='bbox 605 1464 778 1549; x_wconf 87' lang='lat' dir='ltr'>superstet</span> <span class='ocrx_word' id='word_1_56' title='bbox 798 1477 867 1527; x_wconf 91' lang='lat' dir='ltr'>non</span> <span class='ocrx_word' id='word_1_57' title='bbox 887 1453 986 1550; x_wconf 92' lang='lat' dir='ltr'>pueri</span> <span class='ocrx_word' id='word_1_58' title='bbox 1007 1454 1066 1527; x_wconf 92' lang='lat' dir='ltr'>sed</span> <span class='ocrx_word' id='word_1_59' title='bbox 1082 1454 1146 1525; x_wconf 90' lang='lat' dir='ltr'>viri</span> <span class='ocrx_word' id='word_1_60' title='bbox 1164 1453 1359 1548; x_wconf 85' lang='lat' dir='ltr'>cujusdam,</span> 
     </span>
     <span class='ocr_line' id='line_1_9' title="bbox 200 1575 1361 1674; baseline 0.002 -25"><span class='ocrx_word' id='word_1_61' title='bbox 200 1588 236 1649; x_wconf 88' lang='lat' dir='ltr'>ut</span> <span class='ocrx_word' id='word_1_62' title='bbox 256 1601 358 1674; x_wconf 88' lang='lat' dir='ltr'>supra</span> <span class='ocrx_word' id='word_1_63' title='bbox 374 1575 533 1664; x_wconf 87' lang='lat' dir='ltr'>diximus,</span> <span class='ocrx_word' id='word_1_64' title='bbox 553 1576 751 1650; x_wconf 89' lang='lat' dir='ltr'>maturioris</span> <span class='ocrx_word' id='word_1_65' title='bbox 767 1587 868 1672; x_wconf 88' lang='lat' dir='ltr'>atque</span> <span class='ocrx_word' id='word_1_66' title='bbox 883 1576 1040 1674; x_wconf 86' lang='lat' dir='ltr'>ejusdem</span> <span class='ocrx_word' id='word_1_67' title='bbox 1060 1577 1096 1648; x_wconf 92' lang='lat' dir='ltr'>in</span> <span class='ocrx_word' id='word_1_68' title='bbox 1106 1577 1222 1650; x_wconf 87' lang='lat' dir='ltr'>latinis</span> <span class='ocrx_word' id='word_1_69' title='bbox 1237 1575 1361 1651; x_wconf 86' lang='lat' dir='ltr'>litteris</span> 
     </span>
     <span class='ocr_line' id='line_1_10' title="bbox 201 1700 1361 1797; baseline 0.003 -26"><span class='ocrx_word' id='word_1_70' title='bbox 201 1700 422 1774; x_wconf 81' lang='lat' dir='ltr'>versatissimi</span> <span class='ocrx_word' id='word_1_71' title='bbox 438 1700 596 1796; x_wconf 83' lang='lat' dir='ltr'>magistri</span> <span class='ocrx_word' id='word_1_72' title='bbox 619 1700 800 1794; x_wconf 85' lang='lat' dir='ltr'>ingenium</span> <span class='ocrx_word' id='word_1_73' title='bbox 815 1701 977 1796; x_wconf 89' lang='lat' dir='ltr'>prodens.</span> <span class='ocrx_word' id='word_1_74' title='bbox 994 1701 1083 1773; x_wconf 90' lang='lat' dir='ltr'>Huic</span> <span class='ocrx_word' id='word_1_75' title='bbox 1096 1723 1178 1797; x_wconf 82' lang='lat' dir='ltr'>ergo</span> <span class='ocrx_word' id='word_1_76' title='bbox 1195 1700 1361 1797; x_wconf 81' lang='lat' dir='ltr'>magistro</span> 
     </span>
     <span class='ocr_line' id='line_1_11' title="bbox 198 1824 1363 1920; baseline -0.001 -21"><span class='ocrx_word' id='word_1_77' title='bbox 198 1848 380 1899; x_wconf 88' lang='lat' dir='ltr'>censemus</span> <span class='ocrx_word' id='word_1_78' title='bbox 399 1848 468 1898; x_wconf 92' lang='lat' dir='ltr'>non</span> <span class='ocrx_word' id='word_1_79' title='bbox 486 1825 598 1898; x_wconf 94' lang='lat' dir='ltr'>solum</span> <span class='ocrx_word' id='word_1_80' title='bbox 609 1824 793 1920; x_wconf 88' lang='lat' dir='ltr'>plerosque</span> <span class='ocrx_word' id='word_1_81' title='bbox 804 1825 1002 1919; x_wconf 80' lang='lat' dir='ltr'>virgilianos</span> <span class='ocrx_word' id='word_1_82' title='bbox 1017 1825 1095 1898; x_wconf 92' lang='lat' dir='ltr'>illos</span> <span class='ocrx_word' id='word_1_83' title='bbox 1112 1826 1218 1915; x_wconf 87' lang='lat' dir='ltr'>locos,</span> <span class='ocrx_word' id='word_1_84' title='bbox 1236 1824 1363 1920; x_wconf 89' lang='lat' dir='ltr'>quibus</span> 
     </span>
     <span class='ocr_line' id='line_1_12' title="bbox 197 1948 1363 2046; baseline 0 -24"><span class='ocrx_word' id='word_1_85' title='bbox 197 1973 337 2023; x_wconf 89' lang='lat' dir='ltr'>carmen</span> <span class='ocrx_word' id='word_1_86' title='bbox 357 1950 511 2045; x_wconf 88' lang='lat' dir='ltr'>undique</span> <span class='ocrx_word' id='word_1_87' title='bbox 527 1948 690 2038; x_wconf 90' lang='lat' dir='ltr'>abundat,</span> <span class='ocrx_word' id='word_1_88' title='bbox 714 1972 789 2022; x_wconf 89' lang='lat' dir='ltr'>esse</span> <span class='ocrx_word' id='word_1_89' title='bbox 805 1948 1022 2037; x_wconf 89' lang='lat' dir='ltr'>tribuendos,</span> <span class='ocrx_word' id='word_1_90' title='bbox 1040 1948 1099 2021; x_wconf 91' lang='lat' dir='ltr'>sed</span> <span class='ocrx_word' id='word_1_91' title='bbox 1122 1949 1225 2022; x_wconf 90' lang='lat' dir='ltr'>etiam</span> <span class='ocrx_word' id='word_1_92' title='bbox 1241 1971 1363 2046; x_wconf 90' lang='lat' dir='ltr'>comp·</span> 
     </span>
     <span class='ocr_line' id='line_1_13' title="bbox 199 2072 1364 2169; baseline 0.001 -23"><span class='ocrx_word' id='word_1_93' title='bbox 199 2074 665 2169; x_wconf 87' lang='lat' dir='ltr'>tioremse1·1n0nem,atque</span> <span class='ocrx_word' id='word_1_94' title='bbox 684 2085 885 2147; x_wconf 88' lang='lat' dir='ltr'>ornamenta</span> <span class='ocrx_word' id='word_1_95' title='bbox 903 2072 971 2159; x_wconf 91' lang='lat' dir='ltr'>illa,</span> <span class='ocrx_word' id='word_1_96' title='bbox 991 2072 1120 2168; x_wconf 73' lang='lat' dir='ltr'>quaein</span> <span class='ocrx_word' id='word_1_97' title='bbox 1140 2097 1264 2146; x_wconf 91' lang='lat' dir='ltr'>vocum</span> <span class='ocrx_word' id='word_1_98' title='bbox 1279 2097 1364 2149; x_wconf 88' lang='lat' dir='ltr'>con-</span> 
     </span>
     <span class='ocr_line' id='line_1_14' title="bbox 200 2195 1366 2287; baseline -0.003 -15"><span class='ocrx_word' id='word_1_99' title='bbox 200 2209 315 2287; x_wconf 87' lang='lat' dir='ltr'>centu,</span> <span class='ocrx_word' id='word_1_100' title='bbox 342 2209 376 2271; x_wconf 91' lang='lat' dir='ltr'>et</span> <span class='ocrx_word' id='word_1_101' title='bbox 404 2197 693 2271; x_wconf 87' lang='lat' dir='ltr'>alliterationibus</span> <span class='ocrx_word' id='word_1_102' title='bbox 718 2207 752 2268; x_wconf 92' lang='lat' dir='ltr'>et</span> <span class='ocrx_word' id='word_1_103' title='bbox 775 2219 938 2269; x_wconf 80' lang='lat' dir='ltr'>versuum</span> <span class='ocrx_word' id='word_1_104' title='bbox 959 2195 1109 2270; x_wconf 91' lang='lat' dir='ltr'>decursu</span> <span class='ocrx_word' id='word_1_105' title='bbox 1129 2207 1311 2271; x_wconf 86' lang='lat' dir='ltr'>versantur</span> <span class='ocrx_word' id='word_1_106' title='bbox 1332 2209 1366 2272; x_wconf 91' lang='lat' dir='ltr'>et</span> 
     </span>
     <span class='ocr_line' id='line_1_15' title="bbox 102 2318 1364 2416; baseline -0.002 -22"><span class='ocrx_word' id='word_1_107' title='bbox 102 2332 105 2339; x_wconf 86' lang='lat'>&#39;</span> <span class='ocrx_word' id='word_1_108' title='bbox 198 2343 348 2416; x_wconf 87' lang='lat' dir='ltr'>quorum</span> <span class='ocrx_word' id='word_1_109' title='bbox 364 2342 468 2416; x_wconf 88' lang='lat' dir='ltr'>supra</span> <span class='ocrx_word' id='word_1_110' title='bbox 490 2320 696 2392; x_wconf 87' lang='lat' dir='ltr'>immensam</span> <span class='ocrx_word' id='word_1_111' title='bbox 723 2319 857 2414; x_wconf 92' lang='lat' dir='ltr'>copiam</span> <span class='ocrx_word' id='word_1_112' title='bbox 883 2318 1072 2391; x_wconf 87' lang='lat' dir='ltr'>attulimus.</span> <span class='ocrx_word' id='word_1_113' title='bbox 1100 2319 1186 2404; x_wconf 86' lang='lat' dir='ltr'>Quis</span> <span class='ocrx_word' id='word_1_114' title='bbox 1204 2344 1284 2394; x_wconf 88' lang='lat' dir='ltr'>vero</span> <span class='ocrx_word' id='word_1_115' title='bbox 1307 2321 1364 2393; x_wconf 89' lang='lat' dir='ltr'>hic</span> 
     </span>
     <span class='ocr_line' id='line_1_16' title="bbox 199 2442 1363 2539; baseline 0.001 -24"><span class='ocrx_word' id='word_1_116' title='bbox 199 2444 250 2516; x_wconf 87' lang='lat' dir='ltr'>vir</span> <span class='ocrx_word' id='word_1_117' title='bbox 267 2444 369 2516; x_wconf 83' lang='lat' dir='ltr'>luerit</span> <span class='ocrx_word' id='word_1_118' title='bbox 389 2466 502 2538; x_wconf 90' lang='lat' dir='ltr'>neque</span> <span class='ocrx_word' id='word_1_119' title='bbox 522 2454 739 2537; x_wconf 89' lang='lat' dir='ltr'>compertum</span> <span class='ocrx_word' id='word_1_120' title='bbox 762 2466 873 2537; x_wconf 84' lang='lat' dir='ltr'>neque</span> <span class='ocrx_word' id='word_1_121' title='bbox 896 2453 1077 2539; x_wconf 90' lang='lat' dir='ltr'>compertu</span> <span class='ocrx_word' id='word_1_122' title='bbox 1097 2442 1196 2516; x_wconf 88' lang='lat' dir='ltr'>lacile</span> <span class='ocrx_word' id='word_1_123' title='bbox 1217 2455 1278 2516; x_wconf 89' lang='lat' dir='ltr'>est.</span> <span class='ocrx_word' id='word_1_124' title='bbox 1301 2443 1363 2516; x_wconf 94' lang='lat' dir='ltr'>lllo</span> 
     </span>
     <span class='ocr_line' id='line_1_17' title="bbox 199 2565 1364 2661; baseline -0.001 -22"><span class='ocrx_word' id='word_1_125' title='bbox 199 2566 291 2639; x_wconf 91' lang='lat' dir='ltr'>enim</span> <span class='ocrx_word' id='word_1_126' title='bbox 314 2578 469 2661; x_wconf 89' lang='lat' dir='ltr'>tempore</span> <span class='ocrx_word' id='word_1_127' title='bbox 489 2576 625 2639; x_wconf 87' lang='lat' dir='ltr'>constat</span> <span class='ocrx_word' id='word_1_128' title='bbox 640 2575 775 2636; x_wconf 88' lang='lat' dir='ltr'>tantum</span> <span class='ocrx_word' id='word_1_129' title='bbox 791 2565 897 2638; x_wconf 87' lang='lat' dir='ltr'>luisse</span> <span class='ocrx_word' id='word_1_130' title='bbox 914 2565 949 2636; x_wconf 92' lang='lat' dir='ltr'>in</span> <span class='ocrx_word' id='word_1_131' title='bbox 966 2566 1125 2639; x_wconf 91' lang='lat' dir='ltr'>coenobio</span> <span class='ocrx_word' id='word_1_132' title='bbox 1142 2566 1260 2639; x_wconf 84' lang='lat' dir='ltr'>Sancti</span> <span class='ocrx_word' id='word_1_133' title='bbox 1277 2567 1364 2640; x_wconf 89' lang='lat' dir='ltr'>Galli</span> 
     </span>
     <span class='ocr_line' id='line_1_18' title="bbox 198 2689 1363 2778; baseline 0.001 -18"><span class='ocrx_word' id='word_1_134' title='bbox 198 2689 385 2764; x_wconf 87' lang='lat' dir='ltr'>latinarum</span> <span class='ocrx_word' id='word_1_135' title='bbox 412 2690 605 2762; x_wconf 88' lang='lat' dir='ltr'>litterarum</span> <span class='ocrx_word' id='word_1_136' title='bbox 630 2689 814 2778; x_wconf 88' lang='lat' dir='ltr'>bonorem,</span> <span class='ocrx_word' id='word_1_137' title='bbox 846 2700 883 2760; x_wconf 91' lang='lat' dir='ltr'>ut</span> <span class='ocrx_word' id='word_1_138' title='bbox 914 2712 1035 2762; x_wconf 93' lang='lat' dir='ltr'>omnes</span> <span class='ocrx_word' id='word_1_139' title='bbox 1063 2689 1271 2763; x_wconf 86' lang='lat' dir='ltr'>maturiores</span> <span class='ocrx_word' id='word_1_140' title='bbox 1300 2690 1363 2763; x_wconf 91' lang='lat' dir='ltr'>viri</span> 
     </span>
     <span class='ocr_line' id='line_1_19' title="bbox 198 2810 969 2909; baseline 0.001 -25"><span class='ocrx_word' id='word_1_141' title='bbox 198 2813 291 2909; x_wconf 82' lang='lat' dir='ltr'>digni</span> <span class='ocrx_word' id='word_1_142' title='bbox 313 2813 451 2898; x_wconf 87' lang='lat' dir='ltr'>luerint,</span> <span class='ocrx_word' id='word_1_143' title='bbox 473 2811 531 2907; x_wconf 88' lang='lat' dir='ltr'>qui</span> <span class='ocrx_word' id='word_1_144' title='bbox 553 2834 640 2908; x_wconf 92' lang='lat' dir='ltr'>opus</span> <span class='ocrx_word' id='word_1_145' title='bbox 658 2810 723 2884; x_wconf 89' lang='lat' dir='ltr'>tale</span> <span class='ocrx_word' id='word_1_146' title='bbox 740 2811 969 2908; x_wconf 85' lang='lat' dir='ltr'>susciperent.</span> 
     </span>
    </p>

    <p class='ocr_par' dir='ltr' id='par_1_3' title="bbox 195 2935 1367 4144">
     <span class='ocr_line' id='line_1_20' title="bbox 246 2935 1367 3033; baseline 0.002 -25"><span class='ocrx_word' id='word_1_147' title='bbox 246 2940 392 3033; x_wconf 81' lang='lat' dir='ltr'>Quoquo</span> <span class='ocrx_word' id='word_1_148' title='bbox 412 2937 515 3008; x_wconf 93' lang='lat' dir='ltr'>modo</span> <span class='ocrx_word' id='word_1_149' title='bbox 540 2959 595 3009; x_wconf 90' lang='lat' dir='ltr'>res</span> <span class='ocrx_word' id='word_1_150' title='bbox 620 2960 656 3009; x_wconf 92' lang='lat' dir='ltr'>se</span> <span class='ocrx_word' id='word_1_151' title='bbox 683 2936 817 3026; x_wconf 90' lang='lat' dir='ltr'>habeat,</span> <span class='ocrx_word' id='word_1_152' title='bbox 841 2938 906 3010; x_wconf 92' lang='lat' dir='ltr'>hoc</span> <span class='ocrx_word' id='word_1_153' title='bbox 926 2935 1054 3029; x_wconf 89' lang='lat' dir='ltr'>saltem</span> <span class='ocrx_word' id='word_1_154' title='bbox 1074 2946 1209 3008; x_wconf 90' lang='lat' dir='ltr'>certum</span> <span class='ocrx_word' id='word_1_155' title='bbox 1231 2937 1367 3010; x_wconf 83' lang='lat' dir='ltr'>videtur</span> 
     </span>
     <span class='ocr_line' id='line_1_21' title="bbox 195 3058 1365 3156; baseline -0.001 -24"><span class='ocrx_word' id='word_1_156' title='bbox 195 3061 290 3133; x_wconf 88' lang='lat' dir='ltr'>bunc</span> <span class='ocrx_word' id='word_1_157' title='bbox 312 3060 554 3146; x_wconf 78' lang='lat' dir='ltr'>Waltlrorr&#39;am,</span> <span class='ocrx_word' id='word_1_158' title='bbox 573 3060 617 3132; x_wconf 91' lang='lat' dir='ltr'>ita</span> <span class='ocrx_word' id='word_1_159' title='bbox 635 3083 652 3131; x_wconf 88' lang='lat' dir='ltr'>a</span> <span class='ocrx_word' id='word_1_160' title='bbox 668 3060 834 3156; x_wconf 87' lang='lat' dir='ltr'>magistro</span> <span class='ocrx_word' id='word_1_161' title='bbox 847 3071 1082 3149; x_wconf 88' lang='lat' dir='ltr'>retractatum,</span> <span class='ocrx_word' id='word_1_162' title='bbox 1100 3058 1228 3131; x_wconf 89' lang='lat' dir='ltr'>librom</span> <span class='ocrx_word' id='word_1_163' title='bbox 1243 3084 1365 3156; x_wconf 89' lang='lat' dir='ltr'>quem·</span> 
     </span>
     <span class='ocr_line' id='line_1_22' title="bbox 196 3180 1364 3277; baseline -0.003 -22"><span class='ocrx_word' id='word_1_164' title='bbox 196 3187 274 3255; x_wconf 90' lang='lat' dir='ltr'>dam</span> <span class='ocrx_word' id='word_1_165' title='bbox 305 3181 409 3254; x_wconf 86' lang='lat' dir='ltr'>luisse</span> <span class='ocrx_word' id='word_1_166' title='bbox 434 3182 469 3253; x_wconf 90' lang='lat' dir='ltr'>in</span> <span class='ocrx_word' id='word_1_167' title='bbox 492 3181 620 3253; x_wconf 84' lang='lat' dir='ltr'>scholis</span> <span class='ocrx_word' id='word_1_168' title='bbox 652 3181 828 3268; x_wconf 89' lang='lat' dir='ltr'>usitatum,</span> <span class='ocrx_word' id='word_1_169' title='bbox 853 3180 955 3276; x_wconf 74' lang='lat' dir='ltr'>aquo</span> <span class='ocrx_word' id='word_1_170' title='bbox 971 3181 1116 3277; x_wconf 91' lang='lat' dir='ltr'>juvenes</span> <span class='ocrx_word' id='word_1_171' title='bbox 1134 3181 1289 3275; x_wconf 86' lang='lat' dir='ltr'>magistri</span> <span class='ocrx_word' id='word_1_172' title='bbox 1304 3181 1364 3253; x_wconf 91' lang='lat' dir='ltr'>ad·</span> 
     </span>
     <span class='ocr_line' id='line_1_23' title="bbox 197 3304 1363 3400; baseline -0.003 -21"><span class='ocrx_word' id='word_1_173' title='bbox 197 3307 420 3379; x_wconf 87' lang='lat' dir='ltr'>hortarentur</span> <span class='ocrx_word' id='word_1_174' title='bbox 442 3333 472 3376; x_wconf 78' lang='lat' dir='ltr'>a.</span> <span class='ocrx_word' id='word_1_175' title='bbox 494 3307 578 3394; x_wconf 90' lang='lat' dir='ltr'>lmo,</span> <span class='ocrx_word' id='word_1_176' title='bbox 601 3327 709 3400; x_wconf 89' lang='lat' dir='ltr'>quum</span> <span class='ocrx_word' id='word_1_177' title='bbox 737 3304 771 3375; x_wconf 93' lang='lat' dir='ltr'>in</span> <span class='ocrx_word' id='word_1_178' title='bbox 795 3304 828 3376; x_wconf 83' lang='lat' dir='ltr'>c&#39;</span> <span class='ocrx_word' id='word_1_179' title='bbox 855 3328 1019 3377; x_wconf 88' lang='lat' dir='ltr'>versuum</span> <span class='ocrx_word' id='word_1_180' title='bbox 1038 3327 1203 3378; x_wconf 88' lang='lat' dir='ltr'>numeros</span> <span class='ocrx_word' id='word_1_181' title='bbox 1232 3317 1363 3399; x_wconf 84' lang='lat' dir='ltr'>ruptos,</span> 
     </span>
     <span class='ocr_line' id='line_1_24' title="bbox 198 3425 1365 3522; baseline 0 -22"><span class='ocrx_word' id='word_1_182' title='bbox 198 3440 231 3500; x_wconf 93' lang='lat' dir='ltr'>et</span> <span class='ocrx_word' id='word_1_183' title='bbox 247 3428 424 3500; x_wconf 80' lang='lat' dir='ltr'>nonnullis</span> <span class='ocrx_word' id='word_1_184' title='bbox 441 3426 526 3498; x_wconf 92' lang='lat' dir='ltr'>locis</span> <span class='ocrx_word' id='word_1_185' title='bbox 551 3425 725 3522; x_wconf 83' lang='lat' dir='ltr'>archetypi</span> <span class='ocrx_word' id='word_1_186' title='bbox 751 3426 865 3499; x_wconf 90' lang='lat' dir='ltr'>verbis</span> <span class='ocrx_word' id='word_1_187' title='bbox 890 3448 1098 3522; x_wconf 80' lang='lat' dir='ltr'>synonymus</span> <span class='ocrx_word' id='word_1_188' title='bbox 1122 3426 1275 3522; x_wconf 85' lang='lat' dir='ltr'>adjectos</span> <span class='ocrx_word' id='word_1_189' title='bbox 1290 3451 1365 3500; x_wconf 91' lang='lat' dir='ltr'>esse</span> 
     </span>
     <span class='ocr_line' id='line_1_25' title="bbox 199 3550 1363 3648; baseline -0.001 -23"><span class='ocrx_word' id='word_1_190' title='bbox 199 3562 416 3648; x_wconf 87' lang='lat' dir='ltr'>compertum</span> <span class='ocrx_word' id='word_1_191' title='bbox 447 3551 501 3640; x_wconf 90' lang='lat' dir='ltr'>sit,</span> <span class='ocrx_word' id='word_1_192' title='bbox 533 3550 681 3646; x_wconf 80' lang='lat' dir='ltr'>denique</span> <span class='ocrx_word' id='word_1_193' title='bbox 707 3574 814 3646; x_wconf 87' lang='lat' dir='ltr'>quum</span> <span class='ocrx_word' id='word_1_194' title='bbox 844 3553 958 3645; x_wconf 90' lang='lat' dir='ltr'>plures</span> <span class='ocrx_word' id='word_1_195' title='bbox 989 3574 1108 3624; x_wconf 86' lang='lat' dir='ltr'>versus</span> <span class='ocrx_word' id='word_1_196' title='bbox 1139 3550 1254 3624; x_wconf 91' lang='lat' dir='ltr'>manci</span> <span class='ocrx_word' id='word_1_197' title='bbox 1284 3551 1363 3642; x_wconf 89' lang='lat' dir='ltr'>sint,</span> 
     </span>
     <span class='ocr_line' id='line_1_26' title="bbox 198 3673 1365 3771; baseline 0.001 -25"><span class='ocrx_word' id='word_1_198' title='bbox 198 3676 343 3748; x_wconf 83' lang='lat' dir='ltr'>sortasse</span> <span class='ocrx_word' id='word_1_199' title='bbox 358 3696 428 3746; x_wconf 92' lang='lat' dir='ltr'>non</span> <span class='ocrx_word' id='word_1_200' title='bbox 447 3673 578 3746; x_wconf 89' lang='lat' dir='ltr'>errabis</span> <span class='ocrx_word' id='word_1_201' title='bbox 600 3673 629 3746; x_wconf 94' lang='lat' dir='ltr'>si</span> <span class='ocrx_word' id='word_1_202' title='bbox 651 3673 844 3770; x_wconf 84' lang='lat' dir='ltr'>conjeceris</span> <span class='ocrx_word' id='word_1_203' title='bbox 860 3675 952 3747; x_wconf 88' lang='lat' dir='ltr'>hunc</span> <span class='ocrx_word' id='word_1_204' title='bbox 970 3675 1077 3747; x_wconf 89' lang='lat' dir='ltr'>luisse</span> <span class='ocrx_word' id='word_1_205' title='bbox 1092 3674 1274 3771; x_wconf 88' lang='lat' dir='ltr'>proprium</span> <span class='ocrx_word' id='word_1_206' title='bbox 1293 3698 1365 3747; x_wconf 91' lang='lat' dir='ltr'>ma-</span> 
     </span>
     <span class='ocr_line' id='line_1_27' title="bbox 197 3797 1365 3895; baseline 0.002 -25"><span class='ocrx_word' id='word_1_207' title='bbox 197 3799 295 3894; x_wconf 83' lang='lat' dir='ltr'>gistri</span> <span class='ocrx_word' id='word_1_208' title='bbox 312 3798 480 3888; x_wconf 90' lang='lat' dir='ltr'>codicem,</span> <span class='ocrx_word' id='word_1_209' title='bbox 498 3797 557 3894; x_wconf 86' lang='lat' dir='ltr'>qui</span> <span class='ocrx_word' id='word_1_210' title='bbox 574 3797 753 3895; x_wconf 89' lang='lat' dir='ltr'>discipulis</span> <span class='ocrx_word' id='word_1_211' title='bbox 764 3797 847 3890; x_wconf 90' lang='lat' dir='ltr'>suis,</span> <span class='ocrx_word' id='word_1_212' title='bbox 860 3809 898 3871; x_wconf 89' lang='lat' dir='ltr'>ut</span> <span class='ocrx_word' id='word_1_213' title='bbox 908 3799 1022 3872; x_wconf 90' lang='lat' dir='ltr'>adhuc</span> <span class='ocrx_word' id='word_1_214' title='bbox 1035 3799 1163 3872; x_wconf 90' lang='lat' dir='ltr'>nostris</span> <span class='ocrx_word' id='word_1_215' title='bbox 1178 3799 1216 3871; x_wconf 84' lang='lat' dir='ltr'>fir</span> <span class='ocrx_word' id='word_1_216' title='bbox 1231 3798 1365 3889; x_wconf 83' lang='lat' dir='ltr'>diebus,</span> 
     </span>
     <span class='ocr_line' id='line_1_28' title="bbox 196 3922 1366 4020; baseline 0.001 -24"><span class='ocrx_word' id='word_1_217' title='bbox 196 3923 384 3996; x_wconf 88' lang='lat' dir='ltr'>dissolutos</span> <span class='ocrx_word' id='word_1_218' title='bbox 408 3932 442 3995; x_wconf 88' lang='lat' dir='ltr'>et</span> <span class='ocrx_word' id='word_1_219' title='bbox 464 3945 607 3995; x_wconf 90' lang='lat' dir='ltr'>mancos</span> <span class='ocrx_word' id='word_1_220' title='bbox 629 3946 747 3996; x_wconf 86' lang='lat' dir='ltr'>versus</span> <span class='ocrx_word' id='word_1_221' title='bbox 772 3922 933 4013; x_wconf 84' lang='lat' dir='ltr'>dictabat,</span> <span class='ocrx_word' id='word_1_222' title='bbox 952 3946 1038 4020; x_wconf 90' lang='lat' dir='ltr'>quos</span> <span class='ocrx_word' id='word_1_223' title='bbox 1065 3923 1102 3995; x_wconf 92' lang='lat' dir='ltr'>in</span> <span class='ocrx_word' id='word_1_224' title='bbox 1125 3935 1276 3997; x_wconf 91' lang='lat' dir='ltr'>metrum</span> <span class='ocrx_word' id='word_1_225' title='bbox 1295 3947 1366 3997; x_wconf 91' lang='lat' dir='ltr'>res-</span> 
     </span>
     <span class='ocr_line' id='line_1_29' title="bbox 197 4021 1005 4144; baseline -0.006 -21"><span class='ocrx_word' id='word_1_226' title='bbox 197 4048 361 4124; x_wconf 88' lang='lat' dir='ltr'>tituerent</span> <span class='ocrx_word' id='word_1_227' title='bbox 380 4059 413 4122; x_wconf 88' lang='lat' dir='ltr'>et</span> <span class='ocrx_word' id='word_1_228' title='bbox 434 4047 623 4144; x_wconf 87' lang='lat' dir='ltr'>explerent.</span> <span class='ocrx_word' id='word_1_229' title='bbox 997 4021 1005 4043; x_wconf 58' lang='lat'><strong>⁹</strong></span> 
     </span>
    </p>

    <p class='ocr_par' dir='ltr' id='par_1_4' title="bbox 195 4167 1367 4637">
     <span class='ocr_line' id='line_1_30' title="bbox 244 4167 1367 4268; baseline -0.002 -22"><span class='ocrx_word' id='word_1_230' title='bbox 244 4171 409 4246; x_wconf 84' lang='lat' dir='ltr'>Codicem</span> <span class='ocrx_word' id='word_1_231' title='bbox 433 4192 514 4242; x_wconf 89' lang='lat' dir='ltr'>vero</span> <span class='ocrx_word' id='word_1_232' title='bbox 539 4167 572 4241; x_wconf 83' lang='lat' dir='ltr'>c&#39;</span> <span class='ocrx_word' id='word_1_233' title='bbox 590 4190 660 4241; x_wconf 92' lang='lat' dir='ltr'>non</span> <span class='ocrx_word' id='word_1_234' title='bbox 679 4192 748 4241; x_wconf 90' lang='lat' dir='ltr'>una</span> <span class='ocrx_word' id='word_1_235' title='bbox 768 4193 875 4242; x_wconf 88' lang='lat' dir='ltr'>manu</span> <span class='ocrx_word' id='word_1_236' title='bbox 894 4171 952 4243; x_wconf 89' lang='lat' dir='ltr'>sed</span> <span class='ocrx_word' id='word_1_237' title='bbox 969 4171 1128 4268; x_wconf 90' lang='lat' dir='ltr'>pluribus</span> <span class='ocrx_word' id='word_1_238' title='bbox 1145 4182 1367 4244; x_wconf 87' lang='lat' dir='ltr'>retractatum</span> 
     </span>
     <span class='ocr_line' id='line_1_31' title="bbox 197 4293 1361 4392; baseline -0.002 -22"><span class='ocrx_word' id='word_1_239' title='bbox 197 4308 368 4370; x_wconf 85' lang='lat' dir='ltr'>testantur</span> <span class='ocrx_word' id='word_1_240' title='bbox 382 4294 449 4370; x_wconf 92' lang='lat' dir='ltr'>loci</span> <span class='ocrx_word' id='word_1_241' title='bbox 466 4293 515 4365; x_wconf 92' lang='lat' dir='ltr'>illi</span> <span class='ocrx_word' id='word_1_242' title='bbox 530 4293 689 4366; x_wconf 91' lang='lat' dir='ltr'>mendosi</span> <span class='ocrx_word' id='word_1_243' title='bbox 705 4293 747 4366; x_wconf 91' lang='lat' dir='ltr'>de</span> <span class='ocrx_word' id='word_1_244' title='bbox 763 4294 890 4389; x_wconf 88' lang='lat' dir='ltr'>quibus</span> <span class='ocrx_word' id='word_1_245' title='bbox 911 4319 1013 4392; x_wconf 88' lang='lat' dir='ltr'>supra</span> <span class='ocrx_word' id='word_1_246' title='bbox 1041 4296 1172 4369; x_wconf 89' lang='lat' dir='ltr'>dictum</span> <span class='ocrx_word' id='word_1_247' title='bbox 1189 4307 1251 4386; x_wconf 90' lang='lat' dir='ltr'>est,</span> <span class='ocrx_word' id='word_1_248' title='bbox 1270 4297 1361 4371; x_wconf 57' lang='lat'><strong>‘1381</strong></span> 
     </span>
     <span class='ocr_line' id='line_1_32' title="bbox 195 4417 1366 4514; baseline -0.003 -21"><span class='ocrx_word' id='word_1_249' title='bbox 195 4421 394 4504; x_wconf 80' lang='lat' dir='ltr'>ercolarciter,</span> <span class='ocrx_word' id='word_1_250' title='bbox 418 4418 514 4493; x_wconf 70' lang='lat'><strong>1396</strong></span> <span class='ocrx_word' id='word_1_251' title='bbox 532 4418 676 4513; x_wconf 81' lang='lat' dir='ltr'>coyctic,</span> <span class='ocrx_word' id='word_1_252' title='bbox 701 4429 779 4506; x_wconf 83' lang='lat' dir='ltr'>etc,</span> <span class='ocrx_word' id='word_1_253' title='bbox 801 4441 819 4488; x_wconf 93' lang='lat' dir='ltr'>e</span> <span class='ocrx_word' id='word_1_254' title='bbox 842 4417 969 4513; x_wconf 89' lang='lat' dir='ltr'>quibus</span> <span class='ocrx_word' id='word_1_255' title='bbox 994 4417 1120 4514; x_wconf 84' lang='lat' dir='ltr'>conjici</span> <span class='ocrx_word' id='word_1_256' title='bbox 1143 4429 1256 4514; x_wconf 85' lang='lat' dir='ltr'>potest</span> <span class='ocrx_word' id='word_1_257' title='bbox 1272 4419 1366 4490; x_wconf 89' lang='lat' dir='ltr'>codi-</span> 
     </span>
     <span class='ocr_line' id='line_1_33' title="bbox 198 4539 1365 4637; baseline -0.005 -19"><span class='ocrx_word' id='word_1_258' title='bbox 198 4567 274 4618; x_wconf 90' lang='lat' dir='ltr'>cem</span> <span class='ocrx_word' id='word_1_259' title='bbox 288 4543 335 4630; x_wconf 83' lang='lat' dir='ltr'>c&#39;,</span> <span class='ocrx_word' id='word_1_260' title='bbox 350 4553 487 4614; x_wconf 91' lang='lat' dir='ltr'>mortuo</span> <span class='ocrx_word' id='word_1_261' title='bbox 503 4541 668 4635; x_wconf 82' lang='lat' dir='ltr'>magistro</span> <span class='ocrx_word' id='word_1_262' title='bbox 686 4539 743 4611; x_wconf 92' lang='lat' dir='ltr'>illo</span> <span class='ocrx_word' id='word_1_263' title='bbox 762 4539 820 4635; x_wconf 90' lang='lat' dir='ltr'>qui</span> <span class='ocrx_word' id='word_1_264' title='bbox 835 4539 969 4636; x_wconf 91' lang='lat' dir='ltr'>primus</span> <span class='ocrx_word' id='word_1_265' title='bbox 979 4540 1174 4612; x_wconf 83' lang='lat' dir='ltr'>Elkehardi</span> <span class='ocrx_word' id='word_1_266' title='bbox 1187 4563 1273 4637; x_wconf 91' lang='lat' dir='ltr'>opus</span> <span class='ocrx_word' id='word_1_267' title='bbox 1289 4565 1365 4614; x_wconf 91' lang='lat' dir='ltr'>cor·</span> 
     </span>
    </p>
   </div>
   <div class='ocr_carea' id='block_1_3' title="bbox 0 0 1742 5648">
    <p class='ocr_par' dir='ltr' id='par_1_5' title="bbox 0 0 1742 5648">
     <span class='ocr_line' id='line_1_34' title="bbox 0 0 1742 5648; baseline 0 0"><span class='ocrx_word' id='word_1_268' title='bbox 0 0 1742 5648; x_wconf 95' lang='lat' dir='ltr'> </span> 
     </span>
    </p>
   </div>
  </div>
 </body>
</html>
