3472 5648
728 599 773 611 -
823 557 895 629 rro
944 600 989 611 -

279 725 485 798 exornandis
505 724 683 798 codicibus
707 725 842 820 pictura
867 724 1088 814 excellebat¹;
1114 737 1289 820 postremo
1312 724 1443 797 citandi

278 848 503 923 Eklrehardus
524 861 641 922 noster
663 860 697 921 et
716 849 908 923 Gerhaldus
933 859 968 923 et
989 849 1118 922 Notlrer
1137 849 1263 933 Labeo,
1284 834 1445 923 homines

279 975 421 1047 scientia
435 973 720 1070 praestantissimi,
739 974 864 1069 quibus
883 997 954 1047 non
974 973 1155 1046 inferiores
1175 973 1317 1046 fuerunt
1334 974 1446 1047 lllrke-

280 1098 409 1170 bardus
424 1099 468 1170 lV
484 1110 517 1170 et
532 1098 664 1171 amicus
678 1097 752 1194 ejus
764 1098 870 1171 abbas
884 1099 1005 1189 lmmo,
1019 1097 1078 1193 qui
1095 1097 1264 1193 posterius
1275 1097 1444 1170 vixerunt.

332 1224 589 1320 Componendis
608 1247 687 1297 vero
713 1222 926 1297 carminibus
947 1222 1131 1295 maximam
1155 1244 1295 1317 operam
1317 1222 1446 1295 dabant

279 1348 434 1442 magistri
451 1347 552 1419 simul
569 1357 671 1443 atque
688 1347 859 1443 discipuli.
881 1345 1100 1418 Salomonem
1121 1343 1220 1417 illum
1242 1346 1446 1442 episcopum

278 1468 503 1541 Elkelrardus
529 1481 670 1542 ametro
698 1470 881 1566 primumi
907 1479 1005 1541 vocat
1036 1479 1069 1540 et
1097 1467 1270 1563 insignem
1300 1491 1446 1543 «coram

279 1591 419 1685 regibus
436 1591 641 1687 plerumque
658 1614 721 1687 pro
741 1591 875 1665 ludicro
897 1613 977 1663 oum
999 1591 1075 1663 aliis
1101 1591 1372 1664 certatorem²n.
1396 1594 1448 1695 Ea

279 1718 373 1788 onim
389 1727 462 1787 erat
478 1716 652 1813 plerisque
669 1716 907 1790 faciendorum
917 1739 1080 1788 versuum
1096 1739 1234 1812 semper
1247 1715 1443 1813 uparata³r

280 1830 438 1930 solertia,
448 1851 486 1912 ut
512 1841 666 1935 quemvis
681 1864 791 1912 unum
808 1840 1026 1936 inopinanter
1041 1839 1239 1930 intrantem,
1261 1840 1331 1913 sive
1350 1841 1446 1937 prin·

230 1997 233 2003 ·
283 1967 409 2062 cipem,
429 1966 498 2039 sive
527 1967 739 2063 episcopum,
768 1990 808 2039 ex
832 1967 1017 2062 improviso
1041 1965 1127 2038 lusis
1152 1967 1364 2041 carminibus
1390 1991 1444 2042 sa·

283 2091 443 2163 lutarent.
478 2090 535 2163 Sic
559 2091 781 2164 Purclrardus
816 2092 928 2164 adbuc
960 2091 1238 2164 adolescentulus
1271 2092 1442 2166 ducissam

284 2214 495 2309 lladwigam,
513 2227 582 2288 tam
597 2214 715 2288 nitidis
731 2214 878 2288 leoninis
896 2213 1053 2287 versibus
1076 2213 1245 2288 allocutus
1271 2238 1347 2288 esse
1360 2215 1445 2288 dici·

281 2351 349 2428 tur,
376 2350 415 2411 ut
440 2339 498 2411 illa
523 2362 592 2412 non
615 2339 767 2435 potuerit
791 2361 939 2436 puerum
961 2360 1032 2411 non
1057 2339 1218 2411 osculari.
1248 2339 1448 2437 Virgilianis

282 2463 445 2559 operibus
470 2463 660 2535 retinendis
680 2463 826 2536 maxima
847 2481 952 2558 opera
968 2461 1127 2565 dabatur,
1152 2462 1198 2534 ita
1220 2461 1332 2534 utrix
1355 2462 1451 2536 ullus

282 2586 373 2658 inter
390 2587 538 2682 majores
556 2586 756 2682 discipulos,
774 2585 929 2681 quolibet
943 2585 1094 2658 indicato
1118 2585 1207 2674 loco,
1229 2586 1356 2660 seriem
1371 2611 1451 2662 ver·

286 2733 387 2780 suum
398 2709 560 2804 prosequi
575 2709 844 2805 memoriterque
860 2709 1005 2781 recitare
1021 2731 1090 2781 non
1105 2718 1231 2804 posset.

332 2834 372 2904 ln
388 2833 446 2904 tali
464 2855 544 2927 ergo
560 2834 688 2922 schola,
708 2833 769 2904 ubi
786 2857 854 2905 non
871 2833 984 2905 solum
1002 2832 1133 2928 patrius
1145 2854 1257 2905 sermo
1269 2833 1456 2930 patriaque

285 2954 399 3050 poesis
414 2964 509 3027 tanto
521 2955 644 3028 ardore
668 2955 851 3052 studioque
868 2955 1081 3046 colebantur,
1093 2956 1153 3028 sed
1164 2955 1266 3028 etiam
1275 2957 1458 3031 veteribus

286 3079 408 3159 litteris
429 3089 522 3152 tanta
542 3101 646 3176 opera
666 3080 822 3169 dabatur,
841 3102 911 3152 non
929 3080 1057 3152 mirum
1082 3091 1133 3152 est
1152 3080 1352 3176 hujusmodi
1374 3103 1459 3154 car-

287 3229 369 3278 men
393 3215 512 3277 natum
527 3229 613 3279 esse.

343 3329 555 3404 Woltlaurc'ua
576 3353 657 3425 ergo
681 3341 799 3402 noster
821 3352 862 3402 eo
886 3329 1076 3402 attentione
1105 3328 1242 3424 dignior
1268 3339 1331 3419 est,
1359 3333 1460 3426 quod

287 3477 357 3526 non
390 3454 502 3526 solum
534 3455 740 3550 exquisitam
768 3454 862 3525 illam
891 3453 1044 3526 fabulam
1068 3453 1170 3525 nobis
1199 3452 1358 3543 indulsit,
1393 3455 1461 3529 sed

288 3577 390 3647 etiam
407 3575 604 3648 testimonio
621 3586 673 3649 est
691 3587 858 3670 quantum
877 3577 1095 3671 peccaverint
1110 3575 1239 3649 diutius
1256 3576 1381 3666 critici,
1393 3578 1459 3671 qui

288 3723 398 3771 aerum
413 3699 498 3771 illud
517 3726 533 3769 «
547 3700 660 3772 latinae
671 3723 816 3796 poeseos
827 3725 844 3769 n
857 3699 1066 3796 appellatum
1085 3700 1227 3773 aversati
1244 3700 1457 3796 sint;·qaam

289 3845 386 3916 aeque
403 3834 523 3895 contra
540 3825 673 3896 Grimm
691 3824 814 3896 litteris
831 3824 1056 3912 consuluerit,
1076 3823 1276 3919 talia'opera
1297 3823 1340 3895 ab
1360 3823 1454 3920 inju-

291 3946 339 4017 ria
358 3946 539 4018 oblivionis
556 3958 588 4019 et
600 3947 727 4020 lastidii
747 3947 944 4036 asserendo,
961 3948 1073 4042 qualia
1091 3947 1191 4020 nobis
1209 3947 1245 4017 in
1263 3947 1352 4018 libro
1373 3970 1456 4020 suo:

331 4244 352 4290 l.
367 4240 491 4291 Folrlrardi
507 4242 594 4291 Codcrr
609 4255 707 4291 our-orca
723 4237 791 4307 (bibl.
809 4239 933 4308 Gallensi).
945 4241 979 4293 Cf.
1005 4243 1077 4294 etiam
1099 4244 1129 4294 de
1155 4243 1270 4311 Sintram,
1292 4243 1458 4297 solertissimo

293 4328 401 4394 librario,
417 4331 488 4377 atlon.
509 4331 609 4389 Germ,
625 4327 653 4393 ll,
670 4331 713 4379 89.
967 4325 970 4332 ’

329 4420 354 4466 2‘.
370 4419 439 4466 Mon.
452 4419 550 4479 Geram,
568 4416 597 4481 ll,
616 4422 658 4468 92.

331 4505 354 4552 3.
372 4503 405 4553 lle
419 4503 557 4555 Purulrardo
572 4505 659 4556 dicitur
674 4507 699 4557 in
716 4509 823 4559 Casibus
845 4505 925 4575 (llon.
943 4513 1040 4575 Germ,
1058 4510 1088 4577 ll,
1108 4507 1177 4578 125),
1197 4528 1207 4555 u
1225 4513 1301 4562 urctru
1318 4515 1460 4565 turbessel

295 4591 462 4651 paratissimus
477 4610 500 4642 ».
1029 4592 1033 4599 ’
