3472 5648
721 1145 896 1220 CAPUT
940 1148 1024 1219 Vll.

767 1396 974 1450 CONCLUSIO.

336 1722 381 1794 Ut
396 1742 475 1792 vero
491 1720 564 1816 jam
579 1719 814 1792 conclusionis
833 1741 1004 1791 summam
1022 1718 1200 1808 faciamus
1222 1741 1345 1815 poema
1365 1741 1451 1792 nos-

287 1857 392 1936 trum,
415 1869 612 1942 quanquam
627 1845 742 1917 latinis
766 1844 922 1917 versibus
946 1843 1189 1940 compositum,
1209 1844 1328 1939 quanti
1347 1843 1454 1917 liceat

286 1969 321 2041 in
345 1969 552 2065 germanicis
577 1969 770 2058 litteris‚ex
796 1967 864 2041 hoc
889 1968 1052 2042 aestimari
1078 1978 1205 2064 potest,
1228 1969 1320 2063 quod
1344 1967 1381 2039 in
1408 1991 1451 2042 co

285 2116 354 2165 una
371 2117 410 2166 cx
428 2093 677 2188 antiquissimis
695 2093 763 2165 illis
779 2091 904 2165 fabulis
923 2101 1064 2182 servata,
1082 2114 1227 2187 quarum
1241 2115 1320 2188 pars
1335 2092 1453 2188 major

284 2228 384 2291 aetate
400 2218 511 2291 deleta
531 2228 593 2291 est.

333 2341 566 2428 Quamobrem
591 2365 661 2414 non
679 2352 731 2414 est
748 2365 812 2413 cur
826 2341 954 2414 librum
979 2351 1136 2414 nostrum
1154 2351 1278 2414 trunco
1299 2341 1350 2413 illi
1374 2363 1450 2415 car·

283 2465 369 2537 mini
383 2476 643 2562 postponamus,
656 2465 748 2567 quod
758 2464 822 2538 sub
837 2463 937 2536 titulo
947 2462 1264 2551 Hildcbrondslied,
1278 2475 1448 2560 tanquam

224 2575 228 2582 ¹
283 2590 516 2684 bagmentum
528 2587 918 2684 quoddamenausragio
933 2586 1047 2659 adnos
1059 2588 1224 2683 pervenit.
1236 2589 1445 2663 Immensam

282 2713 375 2783 enim
398 2724 477 2785 ante
497 2714 573 2786 Vlll
594 2724 628 2784 et
650 2714 695 2785 lX
713 2712 878 2785 saeculum
902 2711 1061 2784 floruisse
1088 2712 1223 2808 copiam
1237 2714 1443 2804 carminum,

282 2859 370 2930 quae,
386 2861 494 2932 quum
513 2860 568 2909 res
583 2838 746 2932 praeclare
761 2847 874 2930 gestas
889 2836 1116 2926 celebrarent,
1132 2837 1167 2909 in
1183 2850 1365 2910 cantorum
1384 2861 1447 2912 ore

282 2961 531 3055 hominumque
545 2960 711 3033 memoria
724 2969 954 3050 versarentur,
974 2960 1128 3055 undique
1144 2962 1363 3057 suppeditant
1378 2973 1448 3036 tes·

282 3085 435 3158 timonia.
639 3072 642 3081 ’
1376 3083 1384 3097 “

331 3211 524 3297 Quominus
538 3234 616 3285 vero
627 3212 701 3284 baec
715 3210 867 3284 carmina
886 3210 929 3281 ad
951 3232 1014 3281 nos
1033 3211 1253 3304 pervenerint
1267 3210 1446 3285 neminem

280 3335 368 3430 fugit
387 3336 634 3431 impedimento
655 3335 761 3408 luisse
776 3332 968 3432 praesertim
986 3333 1190 3428 religionem
1205 3335 1445 3423 christianam,

280 3460 380 3554 cujus
402 3460 552 3532 ministri
586 3459 759 3533 ethnicam
774 3459 908 3554 poesim
940 3482 1010 3531 non
1043 3458 1155 3535 solum
1184 3458 1445 3552 aversabantur,

281 3583 456 3655 sedetiam
472 3605 691 3677 summopere
714 3583 862 3655 obruere
886 3581 1111 3656 conabantur.
1141 3581 1276 3678 Optime
1300 3604 1382 3679 ergo
1402 3585 1447 3657 de

279 3703 1447 3802 litterismeritusestCarolusMagnus,quiatamdetestandomo'rc
1543 3695 1546 3700 ’

279 3830 458 3919 recedens,
479 3830 611 3926 primus
630 3831 793 3926 reliquias
816 3829 997 3903 «barbare
1026 3852 1210 3925 poeseos»,
1227 3842 1265 3902 ut
1279 3831 1324 3902 ait
1338 3831 1447 3926 Egin-

279 3951 367 4041 bart,
394 3977 411 4022 r
429 3951 533 4024 scribi
555 3953 800 4048 memoriaque
819 3953 975 4026 mandari
987 3952 1091 4048 jussit
1110 3978 1142 4043 a,
1159 3964 1261 4047 atque
1279 3954 1445 4030 omnibus

278 4086 432 4147 veterum
464 4076 675 4149 amatoribus
703 4077 850 4173 praefuit.
874 4077 986 4173 Hujus
1017 4098 1098 4170 ergo
1126 4077 1282 4173 exemplo
1304 4081 1446 4152 accensi

278 4199 451 4288 monachi,
467 4200 659 4295 praesertim
679 4222 771 4272 nono
791 4208 824 4272 et
838 4200 973 4273 decimo
991 4201 1129 4289 socole,
1150 4180 1364 4295 quaecunque
1381 4225 1445 4298 po-

278 4335 391 4397 terant
407 4324 558 4419 vulgaria
574 4336 731 4420 poemata
742 4325 995 4398 describebant.
1016 4326 1197 4422 Catalogus
1211 4349 1240 4398 a.
1257 4327 1323 4401 891
1343 4328 1444 4401 aRe-

278 4449 436 4543 ginberto
461 4449 611 4545 quodam
630 4450 861 4546 conscriptus,
890 4462 1034 4523 testatur
1058 4451 1092 4522 in
1127 4473 1195 4524 uno
1225 4435 1445 4525 Reicbenau-

278 4573 388 4667 giensi
406 4573 564 4646 coenobio
584 4573 642 4646 illo
666 4586 820 4670 tempore
837 4601 854 4645 <‹
871 4574 1054 4648 duodecim
1075 4576 1228 4649 carmina
1252 4576 1443 4652 theodiscae
