3472 5648
739 519 981 592 -3p-

279 687 364 771 Quae
382 686 522 782 quidem
541 685 718 759 humilitas
741 708 821 759 cum
840 708 915 782 cap.
937 685 973 775 4,
1000 706 1036 756 11ο
1055 685 1114 773 31,
1132 694 1363 758 consentanea
1382 697 1442 759 est.

279 811 480 886 Secundum
508 833 581 907 oap.
610 810 645 901 -1,
670 821 705 882 n⁰
732 809 791 901 70,
813 811 1006 884 monachus
1030 831 1129 882 orare
1156 809 1261 883 debet
1288 832 1351 906 pro
1379 810 1444 882 ini·

278 935 400 1024 micis;
429 935 522 1031 quod
547 934 758 1007 Waltharius
785 934 866 1008 lacit
885 935 981 1007 1165
1008 956 1075 1028 sq,
1095 933 1206 1006 Deum
1228 932 1388 1029 flagitans
1409 944 1446 1006 ut

176 1077 182 1087 ·
280 1059 414 1133 occisos
432 1060 550 1132 hostes
572 1058 608 1130 in
630 1069 795 1131 aeternam
814 1058 918 1130 vitam
937 1057 1118 1154 recipiat.
1139 1057 1251 1152 Atque
1271 1057 1338 1130 hoc
1361 1081 1445 1154 quo-

282 1204 348 1276 que
362 1181 602 1253 monachalem
621 1202 818 1254 sermonem
835 1181 978 1271 redolet,
1000 1179 1095 1278 quod
1115 1180 1283 1276 Hiltgund
1296 1179 1447 1255 Waltha-

281 1305 333 1378 rio
347 1305 451 1378 dicit:

493 1523 610 1586 Nullius
624 1523 749 1587 ulterius
764 1525 858 1606 patiar
872 1524 1019 1587 consortia
1033 1526 1140 1586 camis.

330 1765 414 1837 Post
428 1764 518 1836 hanc
532 1762 737 1860 ampliorem
754 1763 860 1837 timeo
879 1763 1176 1837 enumerationem
1199 1760 1449 1858 exemplorum,

282 1887 336 1959 vix
357 1888 428 1985 jam
448 1887 684 1961 necessarium
709 1898 762 1961 est
780 1899 819 1961 ut
837 1888 881 1961 de
904 1909 1021 1961 errore
1046 1886 1263 1983 disputemus
1288 1885 1326 1957 in
1346 1907 1451 1981 quem

281 2010 419 2084 Fauriel
438 2010 560 2084 incidit
569 2020 592 2102 ²,
615 2011 675 2106 qui
699 2010 851 2083 tabulam
875 2021 1030 2084 nostram
1053 2032 1114 2107 pro
1130 2009 1251 2104 gallica
1276 2019 1311 2083 et
1331 2018 1452 2083 ancto-

283 2154 357 2205 rem
372 2154 434 2228 pro
452 2131 576 2226 gallico
596 2132 746 2229 quodum
763 2132 895 2205 habuit.
911 2131 1123 2226 Australium
1143 2131 1236 2204 enim
1254 2132 1451 2228 regionum,

282 2266 321 2327 ut
335 2253 383 2327 ait
396 2254 490 2327 Leon
509 2255 683 2344 Gautier³,
700 2254 809 2328 nimio
829 2277 946 2328 amore
964 2264 1133 2352 arreptus,
1145 2254 1211 2328 hoc
1225 2254 1292 2328 sibi
1304 2277 1453 2351 praeser-
1472 2269 1486 2275 ·

283 2377 345 2451 tim
370 2389 547 2450 auctorem
577 2377 762 2451 Waltharii
786 2378 1008 2474 proposuisse
1026 2377 1161 2451 censuit
1177 2388 1227 2467 ut,
1247 2362 1355 2473 quum
1375 2377 1453 2474 ipse

283 2501 594 2597 essctllquitanus,
622 2501 831 2592 ostenderet,
852 2513 982 2598 quanto
1004 2501 1168 2596 Aquitani
1190 2501 1335 2574 Francis
1357 2524 1451 2598 prae-

283 2635 425 2700 starent.
452 2625 510 2699 Sic
538 2625 641 2698 etiam
665 2627 696 2698 J.
729 2626 760 2698 J.
786 2623 936 2721 Ampere
963 2623 1128 2720 (Histoire
1156 2624 1323 2698 tottrotre
1349 2623 1391 2696 dc
1419 2624 1457 2697 lu

244 2767 246 2771 ’
282 2747 429 2835 Franco,
449 2748 493 2846 ll)
515 2775 522 2820 :
546 2775 563 2818 r
583 2749 631 2822 Le
651 2748 865 2822 Waltharius
884 2758 937 2821 est
951 2747 982 2819 la
998 2748 1168 2820 revanche
1183 2747 1347 2844 poetique
1361 2746 1458 2844 prise

283 2895 346 2968 par
376 2871 426 2945 les
458 2870 679 2969 populations
706 2870 951 2944 meridionales
981 2878 1110 2943 contre
1127 2868 1176 2942 les
1203 2869 1388 2943 Francs.·n
1416 2871 1458 2943 ln

285 2995 433 3069 similem
455 3017 610 3068 errorem
630 2990 746 3093 lapsus
767 2996 827 3070 Ch.
847 2993 1070 3083 d’Hericault,
1088 2993 1196 3066 Essuc'
1210 3016 1272 3065 sor
1296 2991 1457 3088 l'orr'pinc

283 3120 324 3193 de
339 3118 488 3216 l'c'poptc
507 3119 696 3215 [raccolse.
723 3131 805 3208 etc,
826 3119 869 3192 de
890 3129 1048 3214 poemate
1070 3128 1190 3191 nostro
1206 3117 1308 3191 dicit:
1330 3117 1458 3192 «C’cst

284 3245 316 3317 le
337 3244 428 3318 frere
450 3243 535 3316 latin
559 3244 603 3316 de
623 3253 723 3316 notre
746 3243 906 3316 Olooson
926 3242 968 3315 de
987 3243 1131 3338 postest
1152 3268 1169 3312 ›>
1192 3241 1342 3332 Primus,
1365 3241 1457 3316 inter

285 3377 423 3442 nostros
456 3365 661 3462 scriptoreS,
691 3365 785 3438 Leon
811 3362 952 3438 Gautier
975 3363 1019 3460 (l.
1053 3387 1097 3454 o,
1116 3365 1142 3454 l,
1165 3362 1260 3459 tot)
1282 3374 1456 3438 monstra·

283 3491 331 3563 vit
352 3487 535 3565 Waltharii
560 3487 711 3560 fabulam
736 3485 970 3582 germanicam
998 3509 1097 3576 esse;
1123 3486 1180 3559 cui
1212 3486 1393 3560 sententiae
1422 3500 1457 3561 et

284 3615 413 3688 Guston
448 3611 546 3684 Paris
584 3609 719 3684 accedit
738 3610 776 3684 ⁵.
808 3636 825 3679 <r
863 3600 1077 3684 Woltlturlus
1115 3620 1167 3684 est
1203 3609 1457 3685 certainement

284 3767 494 3779 .—--—--

323 3847 345 3895 1.
362 3843 398 3894 Cl.
415 3842 519 3909 (leyder⁷
532 3841 646 3907 Haupt's
657 3843 822 3907 Zettsolutst,
834 3841 877 3908 lx,
896 3844 944 3894 150
955 3843 1066 3905 sep-t.
1077 3843 1283 3897 225Waltharius
1292 3847 1408 3910 poculum
1424 3848 1456 3899 ab

284 3921 416 3984 lliltssunde
430 3924 569 3984 porrectum
587 3940 598 3967 α
616 3923 716 3985 signans
730 3922 819 3986 accipit
829 3937 859 3984 »3
879 3921 976 3973 idest:
992 3922 1076 3973 vinum
1095 3923 1176 3974 crucis
1190 3925 1259 3986 signo
1278 3928 1369 3976 sacrat.
1387 3924 1418 3976 lt
1431 3930 1458 3977 et

285 4001 370 4129 pagapli
384 4001 452 4063 signo
467 4002 572 4129 qpodam
586 4002 764 4054 benedictionis
772 4001 913 4068 utebantur,
927 4018 937 4045 u
950 4001 1019 4063 signo
1034 4001 1125 4068 mallei,
1142 4003 1359 4055 llammerzeiclren
1378 4021 1400 4059 ιι.
1418 4004 1457 4058 Gt.

302 4092 353 4130 an.
368 4083 431 4145 arte,
447 4093 470 4142 p.
505 4081 547 4132 al.

321 4181 347 4230 2.
364 4178 432 4229 Hist.
447 4177 481 4226 de
492 4178 521 4227 la
531 4179 623 4241 poe'ste
631 4179 804 4243 praeconate,
820 4178 840 4245 1,
857 4180 918 4231 169.

322 4278 346 4326 3.
364 4274 409 4325 «tl
423 4288 438 4324 a
451 4277 506 4337 trop
520 4274 617 4326 uimolc
632 4273 697 4326 llidl.
713 4292 723 4320 ι
741 4270 800 4341 (Les
814 4263 931 4340 Epope'cs
940 4273 1110 4341 francones,
1123 4290 1147 4339 p.
1163 4271 1202 4342 l.)

320 4371 345 4421 l.
361 4370 436 4429 Quem
458 4371 655 4422 dissertationem
676 4371 800 4423 recensuit
823 4371 880 4424 Paul
905 4371 997 4439 Meyer,
1023 4373 1204 4439 Bibliothecae
1233 4374 1267 4425 de
1293 4366 1388 4427 tt‘cole
1410 4381 1462 4430 des

286 4451 405 4513 Glauctas,
422 4453 448 4516 5,
464 4450 494 4517 ll,
513 4452 604 4503 erno.

323 4549 348 4598 5.
364 4548 478 4597 Htototrc
488 4547 611 4612 pactique
628 4546 662 4598 dc
676 4547 876 4612 coortamque,
893 4562 916 4612 p.
935 4549 978 4600 51.
