3472 5648
744 553 986 626 ..11-

281 748 298 793 a
320 743 385 796 von
403 721 538 814 Lengez
556 721 715 795 Walther
736 747 768 809 r,
790 720 876 795 velt
898 719 1056 794 Waither
1078 719 1140 792 der
1159 719 1446 813 Longesaerer1,

279 847 338 942 qui
353 848 428 920 sine
443 844 550 918 dubio
565 845 609 917 ab
624 844 710 917 urbe
729 845 911 939 «Langres
926 869 943 914 r>
957 843 1138 916 ducendus
1153 852 1217 932 est,
1233 841 1335 937 cujus
1349 850 1447 937 pater

279 971 400 1059 nostri,
419 969 560 1066 Alplrer,
585 968 749 1064 princeps
776 967 882 1040 luisse
900 977 1062 1040 narratur
1088 965 1204 1039 in-illo
1225 988 1329 1062 snpra
1353 963 1446 1038 dicto

280 1095 473 1188 fragmento
486 1093 685 1189 germanico
697 1091 719 1183 ²,
737 1092 779 1164 de
799 1113 867 1187 quo
882 1114 977 1163 nunc
992 1092 1103 1188 plura.

329 1215 381 1289 lbi
405 1217 498 1290 enim
523 1226 620 1312 potes
646 1238 708 1310 per
732 1213 836 1287 rimas
862 1213 1010 1286 mutilati
1042 1224 1153 1287 textus
1187 1210 1447 1308 deprehendere

283 1339 380 1436 quasi
398 1338 696 1413 continuationem
711 1337 845 1412 fabellae
861 1347 1001 1428 nostrae,
1011 1348 1045 1410 et
1055 1336 1318 1434 explicationem
1331 1357 1449 1430 quam-

283 1463 362 1536 dam
376 1461 570 1557 argumenti
586 1461 661 1557 ejus
676 1461 768 1558 quod
779 1461 816 1533 in
831 1461 900 1534 fine
916 1460 1086 1557 poematis
1101 1459 1214 1535 nostri,
1225 1458 1447 1534 continetur:

395 1710 562 1725 .....
589 1662 773 1745 patriamque
788 1661 951 1742 equitanus
964 1661 1062 1723 adivit.

390 1759 455 1822 Illic
471 1758 603 1837 gratifice
619 1777 724 1839 magno
739 1767 894 1839 susceptus
908 1759 1021 1820 honore

390 1856 510 1920 Publica
524 1855 674 1934 Hiltgundi
690 1856 761 1918 lecit
776 1855 923 1936 sponsalia
937 1855 994 1917 rite
1008 1855 1066 1935 (rr.
1084 1854 1240 1935 lilii-48).

335 2079 376 2152 ln
396 2079 591 2174 fragmento
612 2075 708 2149 enim
727 2075 787 2149 illo
806 2075 1037 2150 Woltharium
1054 2086 1087 2148 et
1101 2098 1262 2171 sponsam
1274 2099 1338 2172 per
1351 2076 1460 2150 Vosa-

288 2224 374 2297 gum
396 2200 463 2273 iter
486 2199 663 2288 iacientes
692 2220 806 2294 neque
829 2197 1053 2293 Aquitaniam
1077 2197 1230 2293 quidem,
1254 2199 1315 2272 scd
1337 2197 1463 2273 urbem

288 2322 648 2420 Lingonum,rllpl‹eri
661 2321 801 2416 regiam,
814 2332 971 2417 petentes
983 2322 1150 2413 videmus,
1162 2322 1462 2418 comitante,quod

291 2470 374 2522 sane
397 2447 590 2519 notandum
615 2457 678 2534 est,
700 2444 862 2535 Vollrero,
885 2468 957 2518 uno
981 2468 1021 2518 ex
1039 2446 1120 2518 viris
1141 2445 1343 2519 Guntharii:
1368 2447 1463 2520 unde

289 2572 370 2668 jure
387 2569 549 2661 concludi
564 2579 678 2665 potest
698 2592 769 2642 nou
789 2569 906 2644 hostes
922 2571 982 2642 sed
1000 2569 1114 2643 socios
1134 2591 1210 2644 esse
1229 2569 1462 2642 Guntharium

292 2707 326 2768 et
339 2693 582 2782 Waltharium,
602 2703 641 2765 ut
660 2693 801 2788 quidem
825 2693 861 2764 in
880 2693 1058 2790 Biterolso.
1080 2695 1154 2767 Hoc
1172 2693 1293 2767 saltem
1313 2704 1459 2785 constat,

292 2840 404 2912 neque
427 2817 574 2890 alterum
598 2839 711 2904 crure,
729 2838 841 2911 neque
870 2816 1018 2889 alterum
1046 2840 1153 2889 manu
1182 2817 1343 2890 orbatum
1364 2839 1459 2908 esse-3

292 2942 362 3014 imo
378 2941 495 3014 forsan
511 2963 550 3013 ex
566 2939 717 3036 strophis
740 2940 799 3030 lc,
820 2941 879 3030 l3,
899 2939 1073 3035 conjicere
1092 2940 1175 3014 licet
1188 2952 1347 3014 recenter
1362 2943 1459 3016 Wal-

293 3065 444 3139 tharium
472 3075 592 3136 contra
616 3063 840 3157 insequentes
863 3063 1009 3136 Hunnos
1037 3087 1230 3160 pugnasse:
1253 3063 1345 3159 quod
1369 3074 1462 3137 certe

294 3206 374 3261 cum
392 3186 468 3282 ipso
486 3184 610 3259 fabulae
632 3196 752 3258 tenore
779 3186 889 3280 magis
911 3196 1090 3281 congruat,
1120 3187 1205 3284 quin
1226 3186 1328 3258 etiam
1343 3186 1380 3258 in
1394 3185 1461 3260 alio

294 3311 445 3405 quodam
461 3309 626 3398 carmine,
643 3307 678 3378 in
700 3306 935 3405 Villct'uosopo,
959 3310 1072 3406 reipsa
1093 3310 1216 3383 evenit.
1299 3390 1302 3396 ,
1455 3362 1456 3365 η

344 3433 431 3506 Nam
441 3432 477 3504 in
492 3431 550 3504 illa
575 3430 801 3527 Villcc'uosopu
816 3432 905 3528 (cap.
923 3431 1072 3528 84-87)3
1089 3433 1303 3506 Waltlrarius
1321 3431 1463 3529 (Valtari

296 3557 333 3629 al
347 3554 575 3649 Vaskasteini)
597 3555 640 3627 ab
656 3554 826 3628 avunculo
844 3554 1049 3630 Ermanrico
1069 3578 1150 3629 cum
1167 3555 1352 3630 duodecim
1371 3555 1463 3651 equi-

296 3680 408 3774 tibus,
420 3680 457 3751 in
473 3679 636 3753 obsidum
655 3679 776 3770 vicem,
791 3680 834 3751 ad
849 3679 979 3775 regiam
993 3678 1120 3768 Attilae,
1140 3680 1243 3753 Susat
1258 3689 1415 3751 vocatam
1429 3688 1463 3751 et

297 3804 333 3875 in
351 3803 564 3900 Westphalia
595 3804 708 3894 sitam,
730 3803 889 3876 mittitur.
918 3802 1062 3877 Duobus
1083 3813 1162 3900 post
1179 3802 1292 3894 annis,
1314 3825 1395 3876 cum
1409 3825 1464 3876 eo·

297 3928 376 4001 dem
388 3927 599 4024 Hildegund,
612 3927 680 3999 filia
693 3927 822 4015 Iliadis,
834 3928 925 4022 regis
942 3927 1156 4019 Graecorum,
1168 3928 1329 4019 venisset,
1340 3939 1463 4002 mutuo

297 4051 431 4124 incensi
446 4074 574 4140 amore,
595 4051 694 4147 pueri
710 4051 906 4146 aufugiunt,
922 4051 1046 4124 ablatis
1062 4050 1239 4125 nonnullis
1254 4051 1425 4126 thesauris
1444 4077 1463 4126 e

297 4174 403 4270 regali
420 4174 553 4264 aerario,
575 4175 630 4247 oni
650 4172 892 4264 custodiendo,
908 4185 948 4248 ut
970 4174 1144 4248 innostro
1164 4187 1334 4271 poemate,
1351 4175 1464 4270 puella

336 4409 360 4459 1.
376 4408 500 4459 Schlacht
513 4422 565 4458 oon
584 4409 685 4471 Robore,
701 4411 747 4460 str.
764 4410 808 4460 47.

334 4499 360 4548 2.
374 4498 519 4558 oraqmeot
534 4501 607 4546 ciues
622 4497 696 4548 mltd.
713 4497 849 4547 Gedtclttcr
860 4491 1018 4563 (San-Marte,
1034 4496 1143 4558 Bctlaoe
1156 4498 1173 4545 1
1178 4490 1216 4560 Vl.

334 4591 359 4639 3.
377 4584 414 4636 Gl.
429 4584 576 4653 San-Marte,
595 4586 705 4648 Bctlopc
720 4585 773 4648 ΙΙΙ,
790 4599 815 4650 p.
834 4586 899 4637 lto.
