3472 5648
647 546 911 620 -107-

197 711 362 806 magister
380 712 461 786 suit¹
473 739 505 785 a.
522 713 623 786 Hunc
649 715 754 786 wotos
782 713 888 787 iidem
913 736 993 787 cum
1008 713 1212 787 Eldiehardo
1232 724 1265 787 et
1280 713 1363 787 Not-

199 835 279 908 kero
294 835 455 909 Labeone
471 837 723 910 consuetudine
739 848 773 909 et
789 837 937 910 amicitia
952 838 1181 933 conjunctum
1196 837 1360 911 referunt.

198 961 330 1046 Quanta
351 961 554 1034 auctoritate
573 960 700 1035 valeret
719 962 810 1058 apud
835 963 957 1036 fratres
973 962 1124 1035 coenobii
1144 974 1285 1059 propter
1299 964 1364 1034 vir-

197 1096 287 1158 tutes
305 1096 338 1158 et
353 1086 533 1182 ingenium
550 1109 589 1159 ex
604 1087 659 1160 his
674 1087 787 1160 verbis
803 1088 967 1182 cognosci
990 1099 1113 1184 potest,
1134 1111 1210 1183 quae
1232 1089 1362 1161 nomini

197 1208 289 1282 illius
304 1209 341 1280 in
361 1209 505 1283 Curibus
519 1209 652 1305 adjecta
669 1220 768 1283 sunt:
790 1210 1026 1306 «predicator
1043 1211 1208 1283 altissime
1223 1222 1362 1306 apertus

199 1334 416 1430 ...propheta
448 1332 746 1407 mellitissimus...
776 1334 1041 1429 capacissimum
1073 1334 1184 1408 sancti
1213 1334 1363 1429 Spiritus

197 1456 348 1530 dolium²
362 1482 393 1529 a.
419 1457 483 1528 Hic
507 1478 590 1551 orgo
615 1456 795 1545 deroldus,
813 1467 849 1528 ut
863 1457 1009 1549 videtur,
1027 1430 1144 1530 noster
1159 1467 1222 1529 est.
1240 1456 1304 1529 Hie
1319 1457 1361 1528 ad

198 1580 401 1677 episcopum
424 1579 717 1652 Erohambaldum
741 1603 863 1677 poema
893 1581 935 1654 ab
961 1581 1166 1655 llldrohardo
1189 1581 1362 1679 composi-

197 1716 270 1779 tum
292 1706 396 1778 misit.

245 1829 405 1902 Attamen
421 1828 566 1902 sortasse
583 1826 766 1901 miraberis
780 1830 874 1925 quod
891 1829 940 1901 v‘ir
955 1829 1032 1902 talis
1043 1828 1145 1901 alieni
1161 1827 1275 1924 operis
1290 1827 1363 1921 glo·

198 1953 284 2025 riam
303 1953 421 2026 dolose
440 1953 477 2024 in
493 1975 529 2026 se
546 1974 667 2049 rapere
683 1965 827 2027 conatus
850 1954 903 2027 sit.
919 1953 1007 2026 Ante
1028 1952 1143 2025 omnia
1163 1952 1362 2049 diligentius

198 2077 364 2172 legendus
386 2087 438 2150 est
460 2077 636 2172 prologm,
657 2077 917 2172 cavendumque
937 2100 981 2149 ne
1001 2076 1079 2173 plus
1095 2076 1260 2173 ponderis
1275 2076 1361 2149 duo·

198 2199 262 2272 bus
277 2199 345 2273 illis
360 2199 516 2273 versibus
531 2199 705 2273 tribuatur
720 2225 727 2271 :

411 2399 521 2461 Praesul
538 2399 714 2475 sancteDei,
731 2417 810 2461 nuno
824 2398 924 2479 accipe
935 2415 1058 2459 munera
1073 2397 1150 2458 servi

411 2495 482 2568 ouae
497 2495 551 2557 tibi
567 2496 697 2557 decrevit
712 2496 750 2556 de
765 2496 843 2574 larga
860 2512 997 2576 promere
1014 2512 1084 2555 cura

435 2642 601 2658 .....
618 2592 760 2655 Geraldus
777 2591 870 2653 fidelis
885 2592 1031 2652 alumnus.

255 2802 337 2888 Quae
361 2801 480 2892 verba,
506 2825 613 2898 quum
641 2802 824 2876 manifesto
854 2801 1051 2896 significent
1078 2823 1165 2898 opus
1190 2801 1364 2896 quoddam

197 2922 450 2997 llrchambaldo
475 2923 628 2998 dedicari
656 2925 782 3021 saepius
816 2924 1017 3021 expolitum,
1037 2947 1106 2996 non
1129 2935 1246 2997 tamen
1270 2924 1363 3013 inde,

198 3047 264 3120 nisi
293 3047 476 3138 temerius,
505 3047 689 3143 quisquam
717 3048 891 3144 conjicere
920 3058 1033 3144 potest
1058 3047 1245 3121 Geraldum
1280 3048 1365 3121 velle

197 3173 302 3269 hujus
329 3173 444 3268 operis
474 3184 650 3244 auctorem
677 3171 807 3245 haberi.
837 3171 999 3243 Ceterum
1024 3172 1098 3242 haec
1123 3169 1225 3243 verba
1250 3171 1365 3242 Pousis

201 3296 344 3369 Geroldc'
362 3296 404 3368 de
426 3295 607 3370 Goultort'o
628 3319 704 3391 quae
729 3295 763 3367 in
785 3295 874 3368 libro
895 3296 922 3366 B
948 3294 1091 3391 prologo
1112 3294 1249 3389 praefixa
1271 3306 1364 3384 sunt,

200 3421 242 3493 ad
257 3421 370 3494 solum
386 3421 569 3516 prologum
580 3420 761 3493 manifesto
775 3419 960 3516 pertinent,
977 3441 1083 3513 quum
1094 3429 1172 3514 post
1182 3418 1365 3515 prologum

200 3545 273 3618 inb
292 3567 402 3618 novus
420 3545 541 3618 titulus
559 3544 749 3640 inscriptus
767 3544 830 3616 sit:
856 3543 981 3616 Versus
1001 3541 1042 3614 dc
1061 3541 1259 3627 contrario·
1284 3542 1367 3614 item

201 3666 235 3738 in
251 3669 293 3740 T:
316 3668 417 3740 Lc'bcr
438 3668 613 3763 Woltorc'j.

248 3790 454 3887 Exemplum
476 3789 650 3885 quoddam
679 3813 695 3863 a
719 3789 862 3863 (lusibus
882 3811 1018 3863 sumere
1036 3787 1137 3861 nobis
1157 3787 1305 3879 liceat‚.a
1330 3813 1367 3862 re

199 3913 292 3985 haud
325 3934 408 3986 sane
433 3913 598 3985 alienum.
618 3913 747 3987 Notlrer
764 3912 887 4002 Labeo,
919 3913 1084 4007 magister
1110 3912 1308 3986 scholarum
1331 3911 1366 3984 in

200 4035 317 4109 Sancti
346 4036 431 4109 Galli
457 4036 629 4127 coenobio,
651 4060 759 4134 quom
778 4037 958 4136 discipulis
979 4049 1143 4133 tanquam
1176 4036 1367 4110 «debitum

201 4157 268 4231 diei
291 4157 456 4254 magistro
475 4158 578 4230 vitam
604 4159 722 4232 Sancti
747 4159 903 4233 Othmari
928 4159 965 4232 in
991 4161 1145 4258 rythmos
1167 4159 1366 4232 vertendam
1460 4153 1466 4166 ”

240 4400 263 4448 1.
280 4399 352 4447 Mon.
371 4399 470 4461 Germ,
486 4395 518 4460 ll,
538 4397 586 4448 111
603 4400 628 4448 ct
646 4398 704 4448 136.

236 4489 261 4537 2.
277 4487 348 4536 Meo.
369 4487 468 4550 Germ„
486 4485 516 4552 ll,
535 4486 582 4536 136
599 4499 637 4548 sq.
652 4489 678 4537 et
693 4489 735 4537 57.
750 4486 776 4536 ln
792 4485 879 4536 Codice
890 4488 922 4537 95
933 4487 991 4538 biol.
1003 4488 1101 4550 Sangal.
1113 4486 1254 4538 continetur
1264 4487 1369 4550 hymnus

204 4570 335 4623 aderaldo
351 4573 517 4636 compositus:
539 4592 550 4618 r
568 4573 661 4624 Summi
675 4574 777 4634 largitor
793 4574 886 4636 praemii
905 4592 926 4624 n.
