3472 5648
744 552 984 623 „¹16-

280 732 348 810 est,
373 720 457 792 dnm
479 719 592 792 adbuc
617 716 756 814 juvenis
783 717 913 791 diutius
938 715 1089 790 incuria
1118 716 1209 813 regis
1229 717 1444 790 Francorum

280 842 437 941 degebat,
450 841 530 916 filiae
543 841 660 938 hujus,
672 839 916 937 pulcherrimae
930 840 1120 936 Helgundae
1135 862 1253 914 amore
1264 841 1361 914 arsit.
1378 840 1445 916 Sed

279 990 388 1063 quum
402 977 502 1042 antea
517 965 630 1065 puella
651 967 688 1038 in
706 965 818 1037 filium
835 964 1017 1061 cujusdam
1031 963 1199 1038 Almaniae
1214 964 1317 1060 regis,
1334 963 1445 1061 quiin

280 1090 403 1164 eadem
419 1090 515 1164 curia
533 1088 678 1179 vivebat,
703 1089 861 1162 «amoris
876 1089 1039 1162 allectum
1055 1089 1281 1163 convertisset
1297 1115 1330 1179 v,
1350 1089 1444 1162 Wal-

280 1214 412 1288 tharius
428 1225 561 1288 secreto
573 1214 718 1308 gratiam
731 1211 875 1310 virginis
887 1234 1071 1309 capescere
1082 1212 1210 1287 statuit.
1222 1213 1315 1309 Ergo
1330 1222 1444 1300 nocte,

281 1342 445 1434 corrupto
465 1336 579 1434 vigile,
597 1363 615 1406 a
634 1336 762 1410 moenia
789 1335 982 1409 ascendens
1003 1335 1119 1426 castri,
1141 1345 1220 1410 ante
1243 1332 1445 1409 cubiculum

280 1459 471 1555 Helgundae
493 1471 563 1533 tam
589 1458 683 1533 dulci
708 1459 858 1533 melodia
880 1458 1092 1555 perstrepuit
1108 1469 1143 1531 et
1159 1468 1230 1532 tam
1239 1457 1344 1532 dulci
1362 1479 1445 1532 voce

281 1582 439 1670 cantavit,
453 1593 492 1656 ut
510 1582 578 1657 lilia
590 1582 680 1679 regis
694 1605 712 1654 a
728 1603 852 1656 somno
863 1582 1008 1655 excitata
1023 1592 1058 1654 ot
1072 1582 1114 1655 de
1129 1581 1218 1655 lecto
1230 1582 1369 1673 saliens,
1381 1604 1444 1654 nu·

279 1705 330 1778 tui
348 1705 550 1780 dulcissimo
571 1705 704 1779 intenta
723 1713 917 1777 maneret...
944 1703 1033 1778 Cum
1051 1704 1186 1779 duabus
1209 1704 1371 1780 noctibus
1394 1727 1447 1779 se-

279 1827 467 1925 quentibus
487 1829 664 1902 Walterus
680 1826 804 1901 similia
825 1837 925 1900 caute
942 1827 1149 1924 peregisset,
1163 1827 1347 1923 Helgunda
1358 1825 1445 1923 vigi-

280 1950 349 2024 lem
364 1962 566 2046 percuntata
586 1961 632 2040 et,
649 1949 789 2045 cognito
807 1948 955 2022 amantis
970 1948 1123 2040 nomine,
1143 1949 1180 2021 in
1196 1948 1272 2044 ejus
1291 1971 1447 2024 amorem

281 2072 411 2146 fervide
431 2074 617 2148 ardescens
635 2075 678 2147 ad
703 2073 779 2169 ejus
800 2082 877 2146 vota
902 2095 938 2146 se
954 2073 1108 2146 totaliter
1126 2071 1316 2163 inclinavit,
1337 2073 1449 2147 filium

191 2292 193 2297 Ι
282 2197 450 2271 Almaniae
464 2199 556 2295 regis
573 2197 784 2295 respuendo.
804 2223 821 2268 >t
845 2197 944 2284 Quod
964 2220 1046 2272 cum
1066 2199 1177 2270 sensit
1192 2196 1374 2288 Almanus,
1396 2197 1447 2270 ira

282 2321 421 2413 ellerns,
438 2321 557 2396 relicta
571 2322 664 2419 regia
686 2322 722 2394 in
747 2321 894 2419 patriam
913 2321 1047 2412 redivit,
1066 2331 1100 2395 et
1113 2321 1171 2394 bio
1185 2344 1307 2394 omnes
1323 2330 1447 2418 portus

282 2445 437 2518 fluminis
451 2445 564 2518 Rheni
579 2445 754 2520 observari
765 2445 876 2542 jubet.

330 2567 564 2642 Nihilominus
586 2569 762 2643 Walterus
797 2581 831 2643 et
856 2569 1018 2666 Helgund
1041 2569 1214 2664 fugientes
1240 2594 1259 2643 e
1281 2567 1447 2659 Francia,

283 2693 414 2764 llumen
433 2713 524 2788 equo
540 2702 780 2782 transnatant;
803 2714 890 2788 quos
908 2715 1017 2788 quum
1032 2692 1188 2790 opposita
1212 2692 1285 2789 ripa
1307 2714 1448 2788 exspec-

282 2825 371 2887 taret
393 2813 554 2911 princeps
574 2813 760 2904 Almanus,
793 2814 953 2912 praelium
975 2816 1099 2906 initur,
1126 2817 1162 2889 in
1191 2838 1260 2912 quo
1288 2816 1377 2888 alter
1404 2814 1449 2887 ab

282 2936 390 3010 altero
411 2935 572 3026 vincitur,
597 2936 707 3008 victus
725 2959 812 3010 vero·
830 2949 1019 3035 conspectu
1045 2949 1165 3012 amalae
1191 2939 1315 3036 puellm
1342 2961 1450 3011 novas

282 3059 371 3134 vires
385 3057 545 3155 acquirit.
558 3061 740 3133 Postremo
748 3071 865 3134 tamen
874 3062 1248 3158 triumphatWalterus
1263 3073 1308 3153 et,
1325 3073 1449 3135 necato

282 3186 393 3274 hoste,
402 3195 554 3256 castrum
570 3207 672 3256 sunm
686 3184 721 3257 in
730 3184 876 3259 Polonia
892 3185 997 3259 situm
1011 3188 1198 3260 comitante
1210 3209 1338 3284 sponsa
1348 3185 1448 3283 petit.

331 3309 369 3382 ln
394 3305 449 3379 his
474 3329 551 3401 qnae
577 3306 761 3381 retulimus
783 3307 943 3404 polonica
966 3308 1080 3381 sabula
1103 3333 1120 3382 a
1145 3320 1264 3384 nostro
1289 3320 1450 3406 poemate

283 3454 354 3507 non
378 3428 520 3504 omnino
544 3428 732 3526 discrepat,
753 3429 820 3502 nisi
839 3431 944 3526 quod,
969 3430 1104 3504 inverso
1131 3432 1266 3522 itinere,
1291 3431 1334 3505 ab
1352 3432 1448 3505 oeci·

283 3554 387 3628 dente
405 3552 448 3625 ad
470 3550 639 3625 orientem
661 3563 816 3625 amantes
838 3553 1040 3648 auluginnt;
1057 3564 1200 3627 cantans
1218 3576 1298 3627 vero
1318 3552 1451 3627 Walte-

284 3683 344 3750 ru's
376 3685 457 3749 ante
486 3673 689 3748 cubiculum
723 3675 914 3771 Helgundae
949 3678 1142 3749 Horantum
1169 3677 1207 3749 in
1238 3676 1382 3749 Godana
1411 3676 1450 3749 in

284 3798 488 3872 memoriam
512 3807 660 3870 revocat.
676 3797 715 3868 ln
739 3797 809 3870 fine
835 3821 915 3872 vero
939 3799 1109 3896 polonicae
1131 3799 1296 3892 historiae,
1323 3799 1451 3872 fabulae

285 3933 411 3996 nostrae
427 3933 587 3995 extranea
604 3920 762 4016 quaedam
776 3923 927 3996 assuitur
940 3923 1067 4014 fabula,
1088 3947 1202 4018 quam,
1223 3948 1303 3998 cum
1318 3923 1452 3998 diutius

285 4043 502 4118 dubitaretur
516 4043 610 4116 unde
628 4043 748 4116 hausta
763 4057 865 4137 esset,
876 4069 989 4142 nuper
998 4044 1183 4120 Liebreobt
1202 4047 1453 4120 demonstravit

285 4191 323 4242 ev
339 4168 436 4242 ludia
455 4167 626 4265 originem
645 4167 807 4244 ducerel.

332 4292 508 4367 Walterus
525 4289 631 4375 enim,
652 4291 687 4363 in
707 4292 854 4389 patriam
873 4317 1042 4385 reversus,
1064 4293 1202 4393 incepto
1218 4294 1308 4370 bello
1328 4308 1450 4370 contra

289 4467 495 4479 ——u—-a——u—

325 4573 348 4623 1.
364 4569 464 4637 Beuley,
481 4571 571 4621 Ortaat
585 4569 643 4620 uad
658 4569 790 4634 cuidem,
806 4568 825 4637 l,
844 4570 903 4623 125.
