3472 5648
630 583 870 656 -37-

167 764 284 843 tatem,
298 775 365 825 non
384 753 496 824 solum
513 763 702 825 concentus
727 751 908 824 leoninus:
930 751 1080 845 suctum:
1102 765 1250 846 creptum,
1275 753 1334 824 sed

168 876 271 948 etiam
286 875 394 971 ipsius
409 875 475 949 loci
487 886 659 972 aspectus
675 899 782 972 quum
798 875 923 948 vertice
940 898 1066 973 rupum
1082 897 1152 948 non
1169 875 1242 970 jam
1263 888 1335 948 tan-

168 1023 272 1094 quam
298 1000 485 1096 conjunoto
504 1011 594 1074 teoto
613 1023 736 1097 specus
752 1001 992 1091 concludatur,
1013 999 1073 1073 sed
1094 1024 1130 1073 re
1144 1023 1221 1073 vcra
1237 1023 1334 1074 saxo-

167 1147 244 1197 rum
263 1123 391 1197 moenia
408 1124 546 1221 dirupta
563 1124 654 1198 inter
667 1148 703 1198 se
719 1125 858 1198 distent.

217 1249 284 1323 Sed
302 1251 376 1323 haec
393 1273 448 1323 ros
468 1250 605 1324 levioris
621 1252 767 1324 sortasse
777 1251 944 1324 momenti
958 1251 1142 1340 videbitur,
1160 1274 1267 1345 quum
1284 1274 1336 1324 ce-

165 1386 237 1447 tera
258 1375 400 1465 indicia,
420 1398 496 1470 quae
512 1375 555 1447 ad
572 1374 677 1447 situm
694 1374 781 1446 etad
805 1385 963 1447 naturam
978 1375 1044 1447 loci
1067 1373 1253 1470 pertinent,
1270 1375 1334 1447 du-

165 1500 369 1572 bitationem
385 1521 523 1571 omnem
537 1497 677 1570 tollant:
699 1508 780 1570 sunt
796 1520 874 1572 vero
889 1499 975 1588 haec,
990 1508 1026 1570 ut
1042 1496 1336 1593 diximus‚praeter

167 1624 282 1720 ipsum
308 1647 435 1697 nomon
464 1623 782 1717 «Wasgonsteina
812 1622 913 1695 ambo
939 1645 1030 1712 saxa,
1054 1632 1087 1695 et
1111 1622 1227 1694 fauces
1259 1645 1335 1718 quae

124 1787 130 1799 ·
165 1746 259 1819 inler-
273 1747 328 1819 illa
348 1757 492 1836 exstant,
510 1757 544 1820 11
561 1743 656 1819 callis
673 1769 740 1841 quo
752 1746 794 1819 ab
812 1746 944 1820 oriente
958 1747 1000 1819 ad
1012 1746 1129 1819 fauces
1147 1745 1333 1833 estadituS‚

165 1883 266 1968 atque
292 1872 350 1945 illo
376 1872 419 1944 ita
447 1883 625 1967 angustus,
649 1881 687 1943 ut
715 1870 854 1944 nonnisi
877 1869 1004 1942 viritim
1033 1880 1153 1944 contra
1181 1869 1336 1944 Waltha-

167 1994 259 2066 rium
274 2018 429 2091 pugnare
451 1997 568 2069 hostes
592 1995 780 2091 potuerint.
808 1994 900 2068 Nihil
922 2017 1004 2091 ergo
1027 2005 1080 2068 est
1098 1996 1133 2066 in
1150 1996 1227 2068 loco
1242 1994 1335 2090 quod

167 2143 237 2193 non
253 2132 362 2217 poetae
379 2122 492 2196 verbis
517 2131 696 2215 congruat,
718 2132 821 2218 atque
844 2119 1020 2217 aptissima
1048 2132 1129 2193 sunt
1153 2120 1235 2194 huic
1258 2121 1334 2194 loco

164 2244 305 2316 nomina
326 2244 451 2340 quibus
467 2244 577 2316 utitur
590 2254 731 2318 noster:
752 2269 769 2314 1
790 2244 890 2316 statio
909 2269 926 2313 a
954 2243 1016 2341 (vv.
1032 2243 1117 2335 496,
1133 2244 1216 2334 559,
1235 2242 1333 2340 571),

167 2369 371 2464 «angulus»
393 2368 547 2464 (1197).
572 2369 862 2465 «propugnacula
878 2369 1005 2440 muria
1031 2368 1192 2466 (1813),
1220 2395 1237 2438 1
1259 2391 1333 2442 cas·

166 2504 259 2564 trum
279 2503 412 2564 arctum
432 2517 448 2561 a
468 2492 509 2587 (v.
532 2490 653 2586 1118),
680 2518 696 2562 1
714 2492 854 2565 latebrae
873 2519 889 2562 a
908 2493 951 2590 (ν.
969 2492 1091 2588 laad).

218 2617 348 2688 Praeter
379 2627 538 2688 naturam
564 2626 597 2688 et
617 2638 744 2689 nomen
775 2616 853 2705 loci,
880 2616 975 2713 plura
998 2618 1041 2689 ad
1064 2616 1244 2690 historiam
1268 2616 1333 2689 hu-

163 2741 222 2834 jus
239 2739 368 2811 castelli
387 2739 469 2835 (aut,
489 2750 529 2811 ut
546 2739 674 2812 rectius
690 2739 818 2835 dicam)
838 2741 963 2813 horum
988 2740 1210 2814 castellorum
1229 2741 1334 2836 perti-

123 2929 126 2933 ,
169 2863 283 2936 nentia
303 2863 497 2944 testimonia
520 2863 675 2938 indicant
688 2863 870 2939 Waltharii
886 2877 919 2939 et
937 2866 1093 2962 praeclari
1114 2865 1206 2938 illius
1229 2875 1335 2938 certa·

167 2989 270 3061 minis
282 2989 485 3062 memoriam
500 2990 536 3061 in
552 2989 734 3062 hominum
749 3003 865 3064 mente
881 2990 1012 3064 vixisse.
1025 2991 1162 3063 Etenim
1179 2990 1334 3085 equitum

166 3135 183 3183 a
208 3114 499 3203 Wasiclrenstein‚
534 3115 593 3210 qui
621 3114 736 3187 medio
766 3137 837 3187 aevo
860 3115 926 3187 hoo
953 3115 1133 3188 castellum
1158 3113 1332 3204 tenebant,

167 3237 271 3310 altera
298 3237 424 3309 familia
448 3237 595 3328 leonem,
615 3237 720 3311 altera
741 3261 797 3310 sex
823 3237 975 3311 abscisas
1002 3262 1137 3327 manus,
1157 3261 1220 3335 pro
1246 3237 1331 3311 insi·

166 3362 292 3456 guibus
312 3362 498 3452 habebant,
519 3362 623 3458 quod,
645 3363 710 3435 nisi
734 3363 821 3436 11111
848 3362 977 3435 fallitur
991 3363 1134 3453 Becker,
1146 3364 1189 3436 ad
1212 3389 1229 3434 1
1250 3364 1333 3436 Leo·

168 3510 293 3576 nem»,
313 3510 440 3583 equum
456 3487 650 3576 Waltlrarii‚
673 3499 707 3559 11
733 3487 900 3561 abscisam
925 3488 1079 3561 dextram
1104 3489 1219 3562 herois
1245 3490 1301 3562 res
1318 3530 1332 3542 ·

169 3612 315 3684 rendum
334 3621 394 3683 est.

216 3737 378 3810 Ceterum
389 3735 482 3807 huno
494 3734 608 3807 locum
626 3756 696 3806 non
712 3734 869 3828 ignotum
885 3735 1068 3830 quemdam
1077 3736 1167 3832 apud
1179 3736 1333 3809 Francos

168 3884 280 3955 neque
299 3859 541 3932 absconditum
557 3860 721 3955 angulum
739 3861 856 3950 luisse,
876 3861 935 3934 sed
956 3861 1071 3958 potius
1087 3860 1331 3957 frequentatis·

168 3983 306 4068 simum,
324 3982 394 4053 imo
413 3981 579 4076 religione
600 4005 737 4056 sacrum
761 3984 964 4056 monstravit
985 3983 1078 4056 idem
1094 3984 1182 4080 Aug.
1203 3983 1333 4057 Becker

167 4108 203 4178 in
218 4107 275 4180 illa
290 4107 532 4182 dissertatione
555 4107 598 4181 de
626 4131 691 4203 qua
714 4131 817 4205 supra
834 4108 965 4181 dictum
981 4119 1043 4194 est,
1072 4108 1163 4205 quod
1192 4104 1358 4205 quidem

168 4233 345 4305 nonnullis
361 4231 445 4306 locis
462 4234 571 4306 nostri
581 4233 745 4306 carminis
753 4234 925 4328 congruit,
936 4235 1125 4330 praesertim
1141 4234 1190 4306 illi
1206 4258 1273 4331 quo
1289 4235 1332 4309 dc

168 4356 281 4429 saunis
304 4357 339 4428 in
360 4357 492 4452 Vosago
513 4357 750 4431 habitantibus
764 4358 894 4431 mentio
911 4359 949 4430 lit
962 4357 981 4431 ¹.

205 4631 227 4679 1,
247 4628 289 4679 vt.
307 4631 369 4691 roa,
385 4633 445 4680 roo.
