<?xml version="1.0" encoding="UTF-8"?>
<!DOCTYPE html PUBLIC "-//W3C//DTD XHTML 1.0 Transitional//EN"
    "http://www.w3.org/TR/xhtml1/DTD/xhtml1-transitional.dtd">
<html xmlns="http://www.w3.org/1999/xhtml" xml:lang="en" lang="en">
 <head>
  <title>
</title>
<meta http-equiv="Content-Type" content="text/html;charset=utf-8" />
  <meta name='ocr-system' content='tesseract 3.04.00' />
  <meta name='ocr-capabilities' content='ocr_page ocr_carea ocr_par ocr_line ocrx_word'/>
</head>
<body>
  <div class='ocr_page' id='page_1' title='image "./depoematelatino00schwgoog_0140.png"; bbox 0 0 3472 5648; ppageno 0'>
   <div class='ocr_carea' id='block_1_1' title="bbox 659 571 923 645">
    <p class='ocr_par' dir='ltr' id='par_1_1' title="bbox 659 571 923 645">
     <span class='ocr_line' id='line_1_1' title="bbox 659 571 923 645; baseline -0.004 0"><span class='ocrx_word' id='word_1_1' title='bbox 659 571 923 645; x_wconf 75' lang='lat'>-105-</span> 
     </span>
    </p>
   </div>
   <div class='ocr_carea' id='block_1_2' title="bbox 206 737 1374 2810">
    <p class='ocr_par' dir='ltr' id='par_1_2' title="bbox 206 737 1374 1822">
     <span class='ocr_line' id='line_1_2' title="bbox 207 737 1371 835; baseline 0.005 -27"><span class='ocrx_word' id='word_1_2' title='bbox 207 737 427 834; x_wconf 90' lang='lat' dir='ltr'>cbiepiscopo</span> <span class='ocrx_word' id='word_1_3' title='bbox 448 737 604 832; x_wconf 86' lang='lat' dir='ltr'>jubente,</span> <span class='ocrx_word' id='word_1_4' title='bbox 624 761 803 835; x_wconf 89' lang='lat' dir='ltr'>proposse</span> <span class='ocrx_word' id='word_1_5' title='bbox 828 750 861 813; x_wconf 92' lang='lat' dir='ltr'>et</span> <span class='ocrx_word' id='word_1_6' title='bbox 880 761 982 813; x_wconf 91' lang='lat' dir='ltr'>nosse</span> <span class='ocrx_word' id='word_1_7' title='bbox 1000 751 1119 813; x_wconf 86' lang='lat' dir='ltr'>nostro</span> <span class='ocrx_word' id='word_1_8' title='bbox 1143 742 1371 830; x_wconf 82' lang='lat' dir='ltr'>correximus3</span> 
     </span>
     <span class='ocr_line' id='line_1_3' title="bbox 206 857 1373 957; baseline 0.004 -27"><span class='ocrx_word' id='word_1_9' title='bbox 206 857 382 933; x_wconf 91' lang='lat' dir='ltr'>barbaries</span> <span class='ocrx_word' id='word_1_10' title='bbox 404 859 498 933; x_wconf 90' lang='lat' dir='ltr'>enim</span> <span class='ocrx_word' id='word_1_11' title='bbox 523 872 556 933; x_wconf 88' lang='lat' dir='ltr'>et</span> <span class='ocrx_word' id='word_1_12' title='bbox 583 859 746 933; x_wconf 91' lang='lat' dir='ltr'>idiomata</span> <span class='ocrx_word' id='word_1_13' title='bbox 771 862 846 957; x_wconf 81' lang='lat' dir='ltr'>ejus</span> <span class='ocrx_word' id='word_1_14' title='bbox 861 862 1052 936; x_wconf 79' lang='lat' dir='ltr'>Teutonum</span> <span class='ocrx_word' id='word_1_15' title='bbox 1075 864 1187 937; x_wconf 90' lang='lat' dir='ltr'>adbuc</span> <span class='ocrx_word' id='word_1_16' title='bbox 1210 863 1373 938; x_wconf 86' lang='lat' dir='ltr'>allectan-</span> 
     </span>
     <span class='ocr_line' id='line_1_4' title="bbox 207 983 1374 1082; baseline 0.006 -29"><span class='ocrx_word' id='word_1_17' title='bbox 207 993 274 1055; x_wconf 93' lang='lat' dir='ltr'>tem</span> <span class='ocrx_word' id='word_1_18' title='bbox 293 995 436 1080; x_wconf 89' lang='lat' dir='ltr'>repente</span> <span class='ocrx_word' id='word_1_19' title='bbox 450 983 597 1056; x_wconf 88' lang='lat' dir='ltr'>latinum</span> <span class='ocrx_word' id='word_1_20' title='bbox 618 984 692 1057; x_wconf 83' lang='lat' dir='ltr'>fieri</span> <span class='ocrx_word' id='word_1_21' title='bbox 713 1008 785 1058; x_wconf 93' lang='lat' dir='ltr'>non</span> <span class='ocrx_word' id='word_1_22' title='bbox 808 987 998 1082; x_wconf 83' lang='lat' dir='ltr'>patiuntur.</span> <span class='ocrx_word' id='word_1_23' title='bbox 1017 987 1117 1060; x_wconf 85' lang='lat' dir='ltr'>Unde</span> <span class='ocrx_word' id='word_1_24' title='bbox 1136 987 1224 1060; x_wconf 88' lang='lat' dir='ltr'>male</span> <span class='ocrx_word' id='word_1_25' title='bbox 1248 988 1374 1062; x_wconf 89' lang='lat' dir='ltr'>docere</span> 
     </span>
     <span class='ocr_line' id='line_1_5' title="bbox 208 1105 1374 1207; baseline 0.003 -29"><span class='ocrx_word' id='word_1_26' title='bbox 208 1105 320 1178; x_wconf 82' lang='lat' dir='ltr'>solent</span> <span class='ocrx_word' id='word_1_27' title='bbox 338 1105 526 1204; x_wconf 90' lang='lat' dir='ltr'>discipulos</span> <span class='ocrx_word' id='word_1_28' title='bbox 545 1108 788 1205; x_wconf 85' lang='lat' dir='ltr'>semimagistri</span> <span class='ocrx_word' id='word_1_29' title='bbox 805 1109 977 1183; x_wconf 87' lang='lat' dir='ltr'>dicentes:</span> <span class='ocrx_word' id='word_1_30' title='bbox 1000 1110 1121 1183; x_wconf 89' lang='lat' dir='ltr'>Videte</span> <span class='ocrx_word' id='word_1_31' title='bbox 1137 1111 1310 1207; x_wconf 91' lang='lat' dir='ltr'>quomodo</span> <span class='ocrx_word' id='word_1_32' title='bbox 1326 1111 1374 1182; x_wconf 92' lang='lat' dir='ltr'>di-</span> 
     </span>
     <span class='ocr_line' id='line_1_6' title="bbox 209 1228 1373 1329; baseline 0.003 -28"><span class='ocrx_word' id='word_1_33' title='bbox 209 1228 397 1302; x_wconf 85' lang='lat' dir='ltr'>sertissime</span> <span class='ocrx_word' id='word_1_34' title='bbox 411 1252 528 1302; x_wconf 89' lang='lat' dir='ltr'>coram</span> <span class='ocrx_word' id='word_1_35' title='bbox 544 1231 699 1304; x_wconf 83' lang='lat' dir='ltr'>Teutone</span> <span class='ocrx_word' id='word_1_36' title='bbox 719 1231 833 1327; x_wconf 86' lang='lat' dir='ltr'>aliquo</span> <span class='ocrx_word' id='word_1_37' title='bbox 856 1232 1016 1329; x_wconf 88' lang='lat' dir='ltr'>proloqui</span> <span class='ocrx_word' id='word_1_38' title='bbox 1036 1234 1171 1322; x_wconf 90' lang='lat' dir='ltr'>debeat,</span> <span class='ocrx_word' id='word_1_39' title='bbox 1196 1243 1230 1305; x_wconf 90' lang='lat' dir='ltr'>et</span> <span class='ocrx_word' id='word_1_40' title='bbox 1253 1232 1373 1306; x_wconf 90' lang='lat' dir='ltr'>eadem</span> 
     </span>
     <span class='ocr_line' id='line_1_7' title="bbox 210 1353 1373 1453; baseline 0.003 -28"><span class='ocrx_word' id='word_1_41' title='bbox 210 1353 299 1426; x_wconf 89' lang='lat' dir='ltr'>serie</span> <span class='ocrx_word' id='word_1_42' title='bbox 320 1355 356 1426; x_wconf 92' lang='lat' dir='ltr'>in</span> <span class='ocrx_word' id='word_1_43' title='bbox 377 1353 522 1428; x_wconf 91' lang='lat' dir='ltr'>latinum</span> <span class='ocrx_word' id='word_1_44' title='bbox 544 1356 646 1429; x_wconf 86' lang='lat' dir='ltr'>verba</span> <span class='ocrx_word' id='word_1_45' title='bbox 669 1355 800 1429; x_wconf 90' lang='lat' dir='ltr'>vertite.</span> <span class='ocrx_word' id='word_1_46' title='bbox 836 1362 918 1442; x_wconf 76' lang='lat' dir='ltr'>Quae</span> <span class='ocrx_word' id='word_1_47' title='bbox 944 1357 1101 1453; x_wconf 78' lang='lat' dir='ltr'>deceptio</span> <span class='ocrx_word' id='word_1_48' title='bbox 1131 1357 1373 1430; x_wconf 82' lang='lat' dir='ltr'>Elrkabardum</span> 
     </span>
     <span class='ocr_line' id='line_1_8' title="bbox 210 1478 1371 1578; baseline 0.003 -28"><span class='ocrx_word' id='word_1_49' title='bbox 210 1478 244 1550; x_wconf 91' lang='lat' dir='ltr'>in</span> <span class='ocrx_word' id='word_1_50' title='bbox 268 1485 373 1575; x_wconf 91' lang='lat' dir='ltr'>opere</span> <span class='ocrx_word' id='word_1_51' title='bbox 391 1479 450 1552; x_wconf 92' lang='lat' dir='ltr'>illo</span> <span class='ocrx_word' id='word_1_52' title='bbox 469 1481 583 1554; x_wconf 90' lang='lat' dir='ltr'>adhuc</span> <span class='ocrx_word' id='word_1_53' title='bbox 598 1504 745 1578; x_wconf 92' lang='lat' dir='ltr'>puerum</span> <span class='ocrx_word' id='word_1_54' title='bbox 761 1482 892 1572; x_wconf 87' lang='lat' dir='ltr'>lelellit,</span> <span class='ocrx_word' id='word_1_55' title='bbox 909 1483 968 1555; x_wconf 89' lang='lat' dir='ltr'>sed</span> <span class='ocrx_word' id='word_1_56' title='bbox 984 1493 1101 1578; x_wconf 86' lang='lat' dir='ltr'>postea</span> <span class='ocrx_word' id='word_1_57' title='bbox 1117 1504 1187 1556; x_wconf 91' lang='lat' dir='ltr'>non</span> <span class='ocrx_word' id='word_1_58' title='bbox 1203 1483 1263 1571; x_wconf 89' lang='lat' dir='ltr'>sic,</span> <span class='ocrx_word' id='word_1_59' title='bbox 1281 1494 1319 1556; x_wconf 93' lang='lat' dir='ltr'>ut</span> <span class='ocrx_word' id='word_1_60' title='bbox 1336 1483 1371 1554; x_wconf 90' lang='lat' dir='ltr'>in</span> 
     </span>
     <span class='ocr_line' id='line_1_9' title="bbox 211 1599 1372 1700; baseline 0.003 -29"><span class='ocrx_word' id='word_1_61' title='bbox 211 1599 293 1674; x_wconf 93' lang='lat' dir='ltr'>lidio</span> <span class='ocrx_word' id='word_1_62' title='bbox 321 1602 591 1679; x_wconf 85' lang='lat' dir='ltr'>charromanicu</span> <span class='ocrx_word' id='word_1_63' title='bbox 618 1630 635 1674; x_wconf 77' lang='lat' dir='ltr'>r</span> <span class='ocrx_word' id='word_1_64' title='bbox 665 1603 754 1677; x_wconf 83' lang='lat' dir='ltr'>Mola</span> <span class='ocrx_word' id='word_1_65' title='bbox 779 1613 818 1676; x_wconf 96' lang='lat' dir='ltr'>ut</span> <span class='ocrx_word' id='word_1_66' title='bbox 847 1603 1007 1676; x_wconf 91' lang='lat' dir='ltr'>vincendi</span> <span class='ocrx_word' id='word_1_67' title='bbox 1038 1631 1069 1693; x_wconf 78' lang='lat' dir='ltr'>a,</span> <span class='ocrx_word' id='word_1_68' title='bbox 1098 1605 1215 1700; x_wconf 80' lang='lat' dir='ltr'>rlpse</span> <span class='ocrx_word' id='word_1_69' title='bbox 1234 1626 1372 1699; x_wconf 83' lang='lat' dir='ltr'>quoque</span> 
     </span>
     <span class='ocr_line' id='line_1_10' title="bbox 209 1726 436 1822; baseline 0.004 -24"><span class='ocrx_word' id='word_1_70' title='bbox 209 1726 436 1822; x_wconf 78' lang='lat' dir='ltr'>opponam¹a.</span> 
     </span>
    </p>

    <p class='ocr_par' dir='ltr' id='par_1_3' title="bbox 208 1848 1374 2662">
     <span class='ocr_line' id='line_1_11' title="bbox 257 1848 1372 1947; baseline 0.001 -27"><span class='ocrx_word' id='word_1_71' title='bbox 257 1849 317 1922; x_wconf 90' lang='lat' dir='ltr'>His</span> <span class='ocrx_word' id='word_1_72' title='bbox 333 1848 465 1945; x_wconf 90' lang='lat' dir='ltr'>positis,</span> <span class='ocrx_word' id='word_1_73' title='bbox 489 1873 596 1944; x_wconf 93' lang='lat' dir='ltr'>quum</span> <span class='ocrx_word' id='word_1_74' title='bbox 614 1873 684 1923; x_wconf 93' lang='lat' dir='ltr'>non</span> <span class='ocrx_word' id='word_1_75' title='bbox 704 1850 748 1922; x_wconf 90' lang='lat' dir='ltr'>ita</span> <span class='ocrx_word' id='word_1_76' title='bbox 765 1850 854 1922; x_wconf 90' lang='lat' dir='ltr'>inter</span> <span class='ocrx_word' id='word_1_77' title='bbox 873 1873 909 1923; x_wconf 92' lang='lat' dir='ltr'>se</span> <span class='ocrx_word' id='word_1_78' title='bbox 932 1849 1131 1947; x_wconf 76' lang='lat' dir='ltr'>discrepent</span> <span class='ocrx_word' id='word_1_79' title='bbox 1150 1850 1230 1923; x_wconf 86' lang='lat' dir='ltr'><strong>libri</strong></span> <span class='ocrx_word' id='word_1_80' title='bbox 1250 1850 1372 1940; x_wconf 90' lang='lat' dir='ltr'>nostri,</span> 
     </span>
     <span class='ocr_line' id='line_1_12' title="bbox 209 1972 1372 2071; baseline 0.003 -27"><span class='ocrx_word' id='word_1_81' title='bbox 209 1984 246 2045; x_wconf 92' lang='lat' dir='ltr'>ut</span> <span class='ocrx_word' id='word_1_82' title='bbox 267 1973 354 2046; x_wconf 93' lang='lat' dir='ltr'>duos</span> <span class='ocrx_word' id='word_1_83' title='bbox 382 1972 592 2047; x_wconf 80' lang='lat' dir='ltr'>Woltltcrios</span> <span class='ocrx_word' id='word_1_84' title='bbox 618 1998 657 2047; x_wconf 88' lang='lat' dir='ltr'>ex</span> <span class='ocrx_word' id='word_1_85' title='bbox 690 1972 757 2047; x_wconf 88' lang='lat' dir='ltr'>illis</span> <span class='ocrx_word' id='word_1_86' title='bbox 785 1997 907 2048; x_wconf 90' lang='lat' dir='ltr'>eruere</span> <span class='ocrx_word' id='word_1_87' title='bbox 935 1974 1059 2071; x_wconf 92' lang='lat' dir='ltr'>possis,</span> <span class='ocrx_word' id='word_1_88' title='bbox 1089 1976 1162 2048; x_wconf 79' lang='lat' dir='ltr'>haec</span> <span class='ocrx_word' id='word_1_89' title='bbox 1186 1974 1248 2048; x_wconf 92' lang='lat' dir='ltr'>tibi</span> <span class='ocrx_word' id='word_1_90' title='bbox 1280 1975 1372 2071; x_wconf 88' lang='lat' dir='ltr'>optio</span> 
     </span>
     <span class='ocr_line' id='line_1_13' title="bbox 208 2095 1373 2195; baseline 0.003 -28"><span class='ocrx_word' id='word_1_91' title='bbox 208 2095 356 2186; x_wconf 90' lang='lat' dir='ltr'>dabitur,</span> <span class='ocrx_word' id='word_1_92' title='bbox 384 2096 595 2170; x_wconf 83' lang='lat' dir='ltr'>Woltlrart&#39;os</span> <span class='ocrx_word' id='word_1_93' title='bbox 615 2121 718 2194; x_wconf 87' lang='lat' dir='ltr'>quem</span> <span class='ocrx_word' id='word_1_94' title='bbox 739 2099 918 2189; x_wconf 88' lang='lat' dir='ltr'>babemus,</span> <span class='ocrx_word' id='word_1_95' title='bbox 937 2111 1055 2171; x_wconf 89' lang='lat' dir='ltr'>utrum</span> <span class='ocrx_word' id='word_1_96' title='bbox 1080 2122 1208 2189; x_wconf 89' lang='lat' dir='ltr'>revera,</span> <span class='ocrx_word' id='word_1_97' title='bbox 1232 2111 1270 2171; x_wconf 94' lang='lat' dir='ltr'>ut</span> <span class='ocrx_word' id='word_1_98' title='bbox 1292 2121 1373 2195; x_wconf 92' lang='lat' dir='ltr'>pro·</span> 
     </span>
     <span class='ocr_line' id='line_1_14' title="bbox 209 2217 1374 2318; baseline 0.003 -28"><span class='ocrx_word' id='word_1_99' title='bbox 209 2219 308 2314; x_wconf 81' lang='lat' dir='ltr'>logos</span> <span class='ocrx_word' id='word_1_100' title='bbox 335 2217 490 2292; x_wconf 85' lang='lat' dir='ltr'>indicare</span> <span class='ocrx_word' id='word_1_101' title='bbox 522 2221 676 2308; x_wconf 88' lang='lat' dir='ltr'>videtur,</span> <span class='ocrx_word' id='word_1_102' title='bbox 707 2222 846 2295; x_wconf 89' lang='lat' dir='ltr'>Geraldi</span> <span class='ocrx_word' id='word_1_103' title='bbox 874 2245 961 2318; x_wconf 92' lang='lat' dir='ltr'>opus</span> <span class='ocrx_word' id='word_1_104' title='bbox 992 2224 1054 2314; x_wconf 89' lang='lat' dir='ltr'>sit,</span> <span class='ocrx_word' id='word_1_105' title='bbox 1078 2224 1204 2296; x_wconf 87' lang='lat' dir='ltr'>amisso</span> <span class='ocrx_word' id='word_1_106' title='bbox 1232 2222 1374 2318; x_wconf 90' lang='lat' dir='ltr'>quidem</span> 
     </span>
     <span class='ocr_line' id='line_1_15' title="bbox 209 2341 1373 2442; baseline 0.004 -29"><span class='ocrx_word' id='word_1_107' title='bbox 209 2341 403 2415; x_wconf 82' lang='lat' dir='ltr'>Ellehardi</span> <span class='ocrx_word' id='word_1_108' title='bbox 423 2345 588 2434; x_wconf 83' lang='lat' dir='ltr'>carmine,</span> <span class='ocrx_word' id='word_1_109' title='bbox 610 2368 653 2417; x_wconf 91' lang='lat' dir='ltr'>an</span> <span class='ocrx_word' id='word_1_110' title='bbox 680 2347 887 2441; x_wconf 87' lang='lat' dir='ltr'>nescioquo</span> <span class='ocrx_word' id='word_1_111' title='bbox 911 2368 1028 2418; x_wconf 89' lang='lat' dir='ltr'>errore</span> <span class='ocrx_word' id='word_1_112' title='bbox 1053 2358 1112 2419; x_wconf 92' lang='lat' dir='ltr'>aut</span> <span class='ocrx_word' id='word_1_113' title='bbox 1132 2368 1200 2442; x_wconf 88' lang='lat' dir='ltr'>quo</span> <span class='ocrx_word' id='word_1_114' title='bbox 1229 2345 1373 2419; x_wconf 89' lang='lat' dir='ltr'>omniuo</span> 
     </span>
     <span class='ocr_line' id='line_1_16' title="bbox 209 2464 1372 2564; baseline 0.003 -28"><span class='ocrx_word' id='word_1_115' title='bbox 209 2464 326 2554; x_wconf 93' lang='lat' dir='ltr'>modo,</span> <span class='ocrx_word' id='word_1_116' title='bbox 349 2477 531 2563; x_wconf 88' lang='lat' dir='ltr'>postquam</span> <span class='ocrx_word' id='word_1_117' title='bbox 560 2469 603 2540; x_wconf 91' lang='lat' dir='ltr'>ab</span> <span class='ocrx_word' id='word_1_118' title='bbox 632 2468 835 2541; x_wconf 78' lang='lat' dir='ltr'>Eldrehardo</span> <span class='ocrx_word' id='word_1_119' title='bbox 864 2467 1030 2564; x_wconf 86' lang='lat' dir='ltr'>scriptus,</span> <span class='ocrx_word' id='word_1_120' title='bbox 1053 2468 1199 2542; x_wconf 89' lang='lat' dir='ltr'>Geraldo</span> <span class='ocrx_word' id='word_1_121' title='bbox 1221 2468 1372 2542; x_wconf 90' lang='lat' dir='ltr'>tributus</span> 
     </span>
     <span class='ocr_line' id='line_1_17' title="bbox 209 2586 322 2662; baseline 0.035 -4"><span class='ocrx_word' id='word_1_122' title='bbox 209 2586 322 2662; x_wconf 87' lang='lat' dir='ltr'>luerit.</span> 
     </span>
    </p>

    <p class='ocr_par' dir='ltr' id='par_1_4' title="bbox 258 2712 1371 2810">
     <span class='ocr_line' id='line_1_18' title="bbox 258 2712 1371 2810; baseline -0.002 -24"><span class='ocrx_word' id='word_1_123' title='bbox 258 2712 324 2798; x_wconf 84' lang='lat' dir='ltr'>Qui</span> <span class='ocrx_word' id='word_1_124' title='bbox 350 2714 461 2787; x_wconf 91' lang='lat' dir='ltr'>nodus</span> <span class='ocrx_word' id='word_1_125' title='bbox 487 2739 554 2810; x_wconf 87' lang='lat' dir='ltr'>quo</span> <span class='ocrx_word' id='word_1_126' title='bbox 578 2715 795 2789; x_wconf 85' lang='lat' dir='ltr'>commodius</span> <span class='ocrx_word' id='word_1_127' title='bbox 819 2713 1029 2810; x_wconf 89' lang='lat' dir='ltr'>expediatur,</span> <span class='ocrx_word' id='word_1_128' title='bbox 1054 2725 1133 2786; x_wconf 91' lang='lat' dir='ltr'>ante</span> <span class='ocrx_word' id='word_1_129' title='bbox 1160 2713 1276 2786; x_wconf 89' lang='lat' dir='ltr'>omnia</span> <span class='ocrx_word' id='word_1_130' title='bbox 1303 2714 1371 2787; x_wconf 91' lang='lat' dir='ltr'>cir·</span> 
     </span>
    </p>
   </div>
   <div class='ocr_carea' id='block_1_3' title="bbox 208 2838 1374 3161">
    <p class='ocr_par' dir='ltr' id='par_1_5' title="bbox 208 2838 1374 3161">
     <span class='ocr_line' id='line_1_19' title="bbox 210 2838 1371 2936; baseline 0.002 -27"><span class='ocrx_word' id='word_1_131' title='bbox 210 2838 509 2932; x_wconf 89' lang='lat' dir='ltr'>cumspiciendum</span> <span class='ocrx_word' id='word_1_132' title='bbox 547 2840 624 2935; x_wconf 86' lang='lat' dir='ltr'>quis</span> <span class='ocrx_word' id='word_1_133' title='bbox 652 2839 876 2912; x_wconf 80' lang='lat' dir='ltr'>Eldrebardus</span> <span class='ocrx_word' id='word_1_134' title='bbox 913 2838 1029 2927; x_wconf 86' lang='lat' dir='ltr'>luerit,</span> <span class='ocrx_word' id='word_1_135' title='bbox 1066 2838 1142 2936; x_wconf 85' lang='lat' dir='ltr'>quis</span> <span class='ocrx_word' id='word_1_136' title='bbox 1183 2839 1371 2927; x_wconf 82' lang='lat' dir='ltr'>Geraldus3</span> 
     </span>
     <span class='ocr_line' id='line_1_20' title="bbox 209 2960 1374 3058; baseline 0.002 -26"><span class='ocrx_word' id='word_1_137' title='bbox 209 2961 301 3054; x_wconf 86' lang='lat' dir='ltr'>quod</span> <span class='ocrx_word' id='word_1_138' title='bbox 315 2960 388 3056; x_wconf 85' lang='lat' dir='ltr'>jam</span> <span class='ocrx_word' id='word_1_139' title='bbox 402 2962 518 3035; x_wconf 91' lang='lat' dir='ltr'>minus</span> <span class='ocrx_word' id='word_1_140' title='bbox 532 2962 683 3053; x_wconf 89' lang='lat' dir='ltr'>dillicile,</span> <span class='ocrx_word' id='word_1_141' title='bbox 705 2985 813 3057; x_wconf 87' lang='lat' dir='ltr'>quum</span> <span class='ocrx_word' id='word_1_142' title='bbox 832 2961 958 3058; x_wconf 88' lang='lat' dir='ltr'>saepius</span> <span class='ocrx_word' id='word_1_143' title='bbox 974 2973 1161 3058; x_wconf 88' lang='lat' dir='ltr'>utrumque</span> <span class='ocrx_word' id='word_1_144' title='bbox 1176 2962 1212 3034; x_wconf 92' lang='lat' dir='ltr'>in</span> <span class='ocrx_word' id='word_1_145' title='bbox 1232 2960 1374 3034; x_wconf 77' lang='lat' dir='ltr'>Curibus</span> 
     </span>
     <span class='ocr_line' id='line_1_21' title="bbox 208 3084 840 3161; baseline 0.002 -4"><span class='ocrx_word' id='word_1_146' title='bbox 208 3084 433 3159; x_wconf 80' lang='lat' dir='ltr'>Eldrehardus</span> <span class='ocrx_word' id='word_1_147' title='bbox 449 3087 493 3160; x_wconf 91' lang='lat' dir='ltr'>lV</span> <span class='ocrx_word' id='word_1_148' title='bbox 509 3087 840 3161; x_wconf 85' lang='lat' dir='ltr'>commemoraverit.</span> 
     </span>
    </p>
   </div>
   <div class='ocr_carea' id='block_1_4' title="bbox 159 3209 1376 4298">
    <p class='ocr_par' dir='ltr' id='par_1_6' title="bbox 159 3209 1376 4298">
     <span class='ocr_line' id='line_1_22' title="bbox 257 3209 1372 3308; baseline -0.003 -25"><span class='ocrx_word' id='word_1_149' title='bbox 257 3211 499 3283; x_wconf 80' lang='lat' dir='ltr'>Eldrehardum</span> <span class='ocrx_word' id='word_1_150' title='bbox 520 3213 688 3308; x_wconf 79' lang='lat' dir='ltr'>primum²</span> <span class='ocrx_word' id='word_1_151' title='bbox 714 3213 761 3285; x_wconf 79' lang='lat' dir='ltr'>ld</span> <span class='ocrx_word' id='word_1_152' title='bbox 785 3209 939 3282; x_wconf 82' lang='lat' dir='ltr'>lanuarii</span> <span class='ocrx_word' id='word_1_153' title='bbox 969 3210 1040 3282; x_wconf 81' lang='lat'>973</span> <span class='ocrx_word' id='word_1_154' title='bbox 1066 3209 1193 3284; x_wconf 87' lang='lat' dir='ltr'>obiisse</span> <span class='ocrx_word' id='word_1_155' title='bbox 1219 3220 1372 3299; x_wconf 84' lang='lat' dir='ltr'>constat3</span> 
     </span>
     <span class='ocr_line' id='line_1_23' title="bbox 210 3332 1373 3428; baseline 0.002 -23"><span class='ocrx_word' id='word_1_156' title='bbox 210 3356 278 3428; x_wconf 86' lang='lat' dir='ltr'>quo</span> <span class='ocrx_word' id='word_1_157' title='bbox 309 3357 398 3408; x_wconf 90' lang='lat' dir='ltr'>anno</span> <span class='ocrx_word' id='word_1_158' title='bbox 434 3346 534 3407; x_wconf 90' lang='lat' dir='ltr'>natus</span> <span class='ocrx_word' id='word_1_159' title='bbox 567 3335 611 3407; x_wconf 87' lang='lat' dir='ltr'>sit</span> <span class='ocrx_word' id='word_1_160' title='bbox 639 3334 861 3427; x_wconf 83' lang='lat' dir='ltr'>ambiguum3</span> <span class='ocrx_word' id='word_1_161' title='bbox 892 3333 951 3406; x_wconf 91' lang='lat' dir='ltr'>sed</span> <span class='ocrx_word' id='word_1_162' title='bbox 978 3356 1087 3428; x_wconf 92' lang='lat' dir='ltr'>quum</span> <span class='ocrx_word' id='word_1_163' title='bbox 1116 3332 1159 3405; x_wconf 87' lang='lat' dir='ltr'>ab</span> <span class='ocrx_word' id='word_1_164' title='bbox 1188 3355 1279 3405; x_wconf 91' lang='lat' dir='ltr'>anno</span> <span class='ocrx_word' id='word_1_165' title='bbox 1302 3334 1373 3407; x_wconf 81' lang='lat'>953</span> 
     </span>
     <span class='ocr_line' id='line_1_24' title="bbox 209 3454 1372 3553; baseline 0.001 -25"><span class='ocrx_word' id='word_1_166' title='bbox 209 3456 352 3551; x_wconf 86' lang='lat' dir='ltr'>majoris</span> <span class='ocrx_word' id='word_1_167' title='bbox 375 3454 496 3530; x_wconf 86' lang='lat' dir='ltr'>decani</span> <span class='ocrx_word' id='word_1_168' title='bbox 519 3457 632 3529; x_wconf 86' lang='lat' dir='ltr'>officio</span> <span class='ocrx_word' id='word_1_169' title='bbox 656 3458 859 3553; x_wconf 81' lang='lat' dir='ltr'>fungeretur</span> <span class='ocrx_word' id='word_1_170' title='bbox 887 3455 994 3552; x_wconf 86' lang='lat' dir='ltr'>(quod</span> <span class='ocrx_word' id='word_1_171' title='bbox 1018 3478 1089 3528; x_wconf 91' lang='lat' dir='ltr'>non</span> <span class='ocrx_word' id='word_1_172' title='bbox 1115 3455 1182 3529; x_wconf 89' lang='lat' dir='ltr'>nisi</span> <span class='ocrx_word' id='word_1_173' title='bbox 1205 3457 1372 3529; x_wconf 87' lang='lat' dir='ltr'>maturio-</span> 
     </span>
     <span class='ocr_line' id='line_1_25' title="bbox 210 3576 1374 3675; baseline 0.003 -27"><span class='ocrx_word' id='word_1_174' title='bbox 210 3578 306 3652; x_wconf 85' lang='lat' dir='ltr'>ribus</span> <span class='ocrx_word' id='word_1_175' title='bbox 331 3580 529 3653; x_wconf 88' lang='lat' dir='ltr'>hominibus</span> <span class='ocrx_word' id='word_1_176' title='bbox 559 3577 801 3674; x_wconf 80' lang='lat' dir='ltr'>tribuebatur),</span> <span class='ocrx_word' id='word_1_177' title='bbox 826 3578 876 3648; x_wconf 89' lang='lat' dir='ltr'>vix</span> <span class='ocrx_word' id='word_1_178' title='bbox 901 3576 1067 3650; x_wconf 78' lang='lat' dir='ltr'>credibile</span> <span class='ocrx_word' id='word_1_179' title='bbox 1090 3589 1142 3650; x_wconf 87' lang='lat' dir='ltr'>est</span> <span class='ocrx_word' id='word_1_180' title='bbox 1169 3577 1267 3650; x_wconf 92' lang='lat' dir='ltr'>illum</span> <span class='ocrx_word' id='word_1_181' title='bbox 1297 3591 1374 3675; x_wconf 90' lang='lat' dir='ltr'>post</span> 
     </span>
     <span class='ocr_line' id='line_1_26' title="bbox 210 3700 1373 3799; baseline 0 -24"><span class='ocrx_word' id='word_1_182' title='bbox 210 3727 340 3775; x_wconf 90' lang='lat' dir='ltr'>annum</span> <span class='ocrx_word' id='word_1_183' title='bbox 367 3703 439 3776; x_wconf 79' lang='lat'>910</span> <span class='ocrx_word' id='word_1_184' title='bbox 467 3715 586 3776; x_wconf 90' lang='lat' dir='ltr'>natum</span> <span class='ocrx_word' id='word_1_185' title='bbox 615 3726 702 3793; x_wconf 91' lang='lat' dir='ltr'>esse,</span> <span class='ocrx_word' id='word_1_186' title='bbox 729 3704 821 3775; x_wconf 87' lang='lat' dir='ltr'>unde</span> <span class='ocrx_word' id='word_1_187' title='bbox 848 3701 1023 3799; x_wconf 85' lang='lat' dir='ltr'>conjicere</span> <span class='ocrx_word' id='word_1_188' title='bbox 1038 3700 1118 3774; x_wconf 90' lang='lat' dir='ltr'>licet</span> <span class='ocrx_word' id='word_1_189' title='bbox 1146 3701 1373 3775; x_wconf 79' lang='lat' dir='ltr'>Woltlroriom</span> 
     </span>
     <span class='ocr_line' id='line_1_27' title="bbox 208 3825 1374 3924; baseline 0.001 -25"><span class='ocrx_word' id='word_1_190' title='bbox 208 3828 299 3902; x_wconf 86' lang='lat' dir='ltr'>inter</span> <span class='ocrx_word' id='word_1_191' title='bbox 322 3851 432 3902; x_wconf 92' lang='lat' dir='ltr'>annos</span> <span class='ocrx_word' id='word_1_192' title='bbox 449 3830 610 3904; x_wconf 76' lang='lat' dir='ltr'>eno-930</span> <span class='ocrx_word' id='word_1_193' title='bbox 635 3829 677 3901; x_wconf 92' lang='lat' dir='ltr'>ab</span> <span class='ocrx_word' id='word_1_194' title='bbox 706 3828 764 3901; x_wconf 92' lang='lat' dir='ltr'>illo</span> <span class='ocrx_word' id='word_1_195' title='bbox 781 3828 950 3924; x_wconf 91' lang='lat' dir='ltr'>scriptum</span> <span class='ocrx_word' id='word_1_196' title='bbox 975 3826 1092 3899; x_wconf 88' lang='lat' dir='ltr'>luisse.</span> <span class='ocrx_word' id='word_1_197' title='bbox 1110 3825 1257 3922; x_wconf 81' lang='lat' dir='ltr'>Scripsit</span> <span class='ocrx_word' id='word_1_198' title='bbox 1272 3827 1374 3900; x_wconf 90' lang='lat' dir='ltr'>etiam</span> 
     </span>
     <span class='ocr_line' id='line_1_28' title="bbox 159 3949 1375 4048; baseline 0 -25"><span class='ocrx_word' id='word_1_199' title='bbox 159 3996 161 4001; x_wconf 83' lang='lat'><em>.</em></span> <span class='ocrx_word' id='word_1_200' title='bbox 208 3951 395 4025; x_wconf 90' lang='lat' dir='ltr'>nonnullos</span> <span class='ocrx_word' id='word_1_201' title='bbox 406 3953 564 4048; x_wconf 81' lang='lat' dir='ltr'>hynmos,</span> <span class='ocrx_word' id='word_1_202' title='bbox 581 3951 777 4047; x_wconf 85' lang='lat' dir='ltr'>sequentias</span> <span class='ocrx_word' id='word_1_203' title='bbox 788 3961 821 4022; x_wconf 91' lang='lat' dir='ltr'>et</span> <span class='ocrx_word' id='word_1_204' title='bbox 836 3949 1053 4046; x_wconf 82' lang='lat' dir='ltr'>antiphonas,</span> <span class='ocrx_word' id='word_1_205' title='bbox 1070 3971 1133 4021; x_wconf 88' lang='lat' dir='ltr'>neo</span> <span class='ocrx_word' id='word_1_206' title='bbox 1150 3973 1219 4022; x_wconf 91' lang='lat' dir='ltr'>non</span> <span class='ocrx_word' id='word_1_207' title='bbox 1236 3972 1375 4023; x_wconf 88' lang='lat' dir='ltr'>carmen</span> 
     </span>
     <span class='ocr_line' id='line_1_29' title="bbox 206 4074 1376 4174; baseline 0.001 -27"><span class='ocrx_word' id='word_1_208' title='bbox 206 4076 249 4150; x_wconf 92' lang='lat' dir='ltr'>de</span> <span class='ocrx_word' id='word_1_209' title='bbox 273 4074 392 4150; x_wconf 87' lang='lat' dir='ltr'>sorore</span> <span class='ocrx_word' id='word_1_210' title='bbox 417 4077 575 4174; x_wconf 83' lang='lat' dir='ltr'>patrueli,</span> <span class='ocrx_word' id='word_1_211' title='bbox 590 4075 757 4149; x_wconf 87' lang='lat' dir='ltr'>Racbilda</span> <span class='ocrx_word' id='word_1_212' title='bbox 772 4074 932 4170; x_wconf 88' lang='lat' dir='ltr'>quadam,</span> <span class='ocrx_word' id='word_1_213' title='bbox 948 4096 1035 4169; x_wconf 89' lang='lat' dir='ltr'>quae,</span> <span class='ocrx_word' id='word_1_214' title='bbox 1055 4096 1164 4168; x_wconf 87' lang='lat' dir='ltr'>quum</span> <span class='ocrx_word' id='word_1_215' title='bbox 1180 4074 1376 4170; x_wconf 86' lang='lat' dir='ltr'>religiosam</span> 
     </span>
     <span class='ocr_line' id='line_1_30' title="bbox 208 4196 1108 4298; baseline -0.006 -25"><span class='ocrx_word' id='word_1_216' title='bbox 208 4201 430 4298; x_wconf 91' lang='lat' dir='ltr'>disciplinam</span> <span class='ocrx_word' id='word_1_217' title='bbox 448 4202 601 4298; x_wconf 84' lang='lat' dir='ltr'>amplexa</span> <span class='ocrx_word' id='word_1_218' title='bbox 616 4212 718 4291; x_wconf 90' lang='lat' dir='ltr'>esset,</span> <span class='ocrx_word' id='word_1_219' title='bbox 737 4199 883 4271; x_wconf 89' lang='lat' dir='ltr'>llorente</span> <span class='ocrx_word' id='word_1_220' title='bbox 897 4208 996 4270; x_wconf 89' lang='lat' dir='ltr'>aetate</span> <span class='ocrx_word' id='word_1_221' title='bbox 1011 4196 1108 4269; x_wconf 92' lang='lat' dir='ltr'>obiit.</span> 
     </span>
    </p>
   </div>
   <div class='ocr_carea' id='block_1_5' title="bbox 211 4380 421 4389">
    <p class='ocr_par' dir='ltr' id='par_1_7' title="bbox 211 4380 421 4389">
     <span class='ocr_line' id='line_1_31' title="bbox 211 4380 421 4389; baseline 0.005 -3"><span class='ocrx_word' id='word_1_222' title='bbox 211 4380 421 4389; x_wconf 42' lang='lat' dir='ltr'>”ap——</span> 
     </span>
    </p>
   </div>
   <div class='ocr_carea' id='block_1_6' title="bbox 247 4479 1336 4649">
    <p class='ocr_par' dir='ltr' id='par_1_8' title="bbox 247 4479 1336 4649">
     <span class='ocr_line' id='line_1_32' title="bbox 249 4479 1079 4554; baseline -0.008 -16"><span class='ocrx_word' id='word_1_223' title='bbox 249 4491 271 4539; x_wconf 89' lang='lat' dir='ltr'>l.</span> <span class='ocrx_word' id='word_1_224' title='bbox 288 4491 358 4539; x_wconf 81' lang='lat' dir='ltr'>Mon.</span> <span class='ocrx_word' id='word_1_225' title='bbox 370 4491 466 4550; x_wconf 78' lang='lat' dir='ltr'>Germ,</span> <span class='ocrx_word' id='word_1_226' title='bbox 480 4485 510 4554; x_wconf 86' lang='lat'>11,</span> <span class='ocrx_word' id='word_1_227' title='bbox 530 4486 589 4537; x_wconf 85' lang='lat'>117.</span> <span class='ocrx_word' id='word_1_228' title='bbox 608 4483 644 4535; x_wconf 80' lang='lat' dir='ltr'>Gt.</span> <span class='ocrx_word' id='word_1_229' title='bbox 661 4483 807 4550; x_wconf 86' lang='lat' dir='ltr'>San-llarte,</span> <span class='ocrx_word' id='word_1_230' title='bbox 823 4484 940 4545; x_wconf 69' lang='lat' dir='ltr'>Bellone,</span> <span class='ocrx_word' id='word_1_231' title='bbox 953 4481 971 4547; x_wconf 83' lang='lat'>1,</span> <span class='ocrx_word' id='word_1_232' title='bbox 982 4479 1000 4530; x_wconf 87' lang='lat' dir='ltr'>ll</span> <span class='ocrx_word' id='word_1_233' title='bbox 1013 4484 1038 4532; x_wconf 93' lang='lat' dir='ltr'>et</span> <span class='ocrx_word' id='word_1_234' title='bbox 1052 4479 1079 4531; x_wconf 81' lang='lat' dir='ltr'>ll.</span> 
     </span>
     <span class='ocr_line' id='line_1_33' title="bbox 247 4579 1336 4649; baseline -0.006 -10"><span class='ocrx_word' id='word_1_235' title='bbox 247 4592 272 4639; x_wconf 70' lang='lat'>2.</span> <span class='ocrx_word' id='word_1_236' title='bbox 284 4585 320 4638; x_wconf 84' lang='lat' dir='ltr'>Cl.</span> <span class='ocrx_word' id='word_1_237' title='bbox 336 4585 439 4638; x_wconf 77' lang='lat' dir='ltr'>Schelle!</span> <span class='ocrx_word' id='word_1_238' title='bbox 453 4600 478 4636; x_wconf 91' lang='lat' dir='ltr'>u.</span> <span class='ocrx_word' id='word_1_239' title='bbox 494 4585 595 4649; x_wconf 88' lang='lat' dir='ltr'>Holder,</span> <span class='ocrx_word' id='word_1_240' title='bbox 612 4596 637 4644; x_wconf 89' lang='lat' dir='ltr'>p.</span> <span class='ocrx_word' id='word_1_241' title='bbox 657 4581 703 4634; x_wconf 76' lang='lat' dir='ltr'>1‘2l</span> <span class='ocrx_word' id='word_1_242' title='bbox 721 4594 805 4644; x_wconf 83' lang='lat' dir='ltr'>sq.—</span> <span class='ocrx_word' id='word_1_243' title='bbox 819 4579 966 4646; x_wconf 82' lang='lat' dir='ltr'>San-Marte,</span> <span class='ocrx_word' id='word_1_244' title='bbox 983 4593 1007 4641; x_wconf 89' lang='lat' dir='ltr'>p.</span> <span class='ocrx_word' id='word_1_245' title='bbox 1025 4580 1084 4642; x_wconf 77' lang='lat' dir='ltr'>asu.</span> <span class='ocrx_word' id='word_1_246' title='bbox 1101 4582 1126 4630; x_wconf 92' lang='lat' dir='ltr'>et</span> <span class='ocrx_word' id='word_1_247' title='bbox 1139 4581 1256 4644; x_wconf 77' lang='lat' dir='ltr'>Bcilope,</span> <span class='ocrx_word' id='word_1_248' title='bbox 1273 4580 1291 4648; x_wconf 87' lang='lat' dir='ltr'>l,</span> <span class='ocrx_word' id='word_1_249' title='bbox 1309 4579 1336 4633; x_wconf 82' lang='grc' dir='ltr'>Α.</span> 
     </span>
    </p>
   </div>
   <div class='ocr_carea' id='block_1_7' title="bbox 0 0 1742 5648">
    <p class='ocr_par' dir='ltr' id='par_1_9' title="bbox 0 0 1742 5648">
     <span class='ocr_line' id='line_1_34' title="bbox 0 0 1742 5648; baseline 0 0"><span class='ocrx_word' id='word_1_250' title='bbox 0 0 1742 5648; x_wconf 95' lang='lat' dir='ltr'> </span> 
     </span>
    </p>
   </div>
  </div>
 </body>
</html>
