3472 5648
611 573 657 584 ..
708 490 853 602 63¹..

146 697 267 770 eadem
288 699 499 792 gutturalem
526 697 595 769 vim
624 697 717 769 illam
746 695 981 790 germanicam
999 695 1130 769 habet:
1154 721 1183 770 v.
1216 697 1318 771 Illius
1364 693 1366 697 ’

146 827 282 917 aspectio
299 820 441 907 biturca,
462 845 486 894 0
507 843 579 894 000
606 819 711 909 eliso;
741 843 789 891 vv.
812 819 895 908 343,
922 820 965 891 Io
994 842 1062 915 quo
1079 821 1237 915 piscator
1259 823 1317 894 bo-

144 968 254 1029 mem·
275 946 358 1033 650,
387 943 579 1040 Opperiens
598 945 747 1039 propius
763 945 912 1025 bostem·
938 942 1045 1033 4039,
1075 944 1182 1017 Corde
1202 951 1317 1018 coerce

145 1067 297 1140 lechitum
305 1094 318 1154 ;
342 1068 451 1156 4095,
469 1067 674 1162 [cecinerim
693 1067 820 1140 hostile
838 1068 1015 1163 00000400.
1042 1067 1106 1162 (cf.
1129 1069 1213 1158 434,
1230 1069 1314 1158 395,

145 1188 228 1280 406,
243 1190 327 1279 448,
342 1190 425 1278 408,
443 1190 526 1280 685,
544 1190 625 1282 840,
647 1191 731 1280 803,
743 1188 840 1284 950.)
1019 1208 1022 1216 ’

194 1311 291 1385 Adde
320 1313 411 1408 quod
436 1313 472 1385 in
501 1312 624 1387 iisdem
653 1313 753 1388 libris
783 1312 981 1410 promiscue
1005 1312 1170 1387 scribitur
1192 1314 1314 1402 oicbc'l,

146 1435 392 1508 nichilominus
410 1447 444 1510 et
459 1436 553 1509 citit
563 1437 626 1534 (vv.
643 1437 726 1527 040,
743 1435 827 1525 480,
845 1434 966 1530 4073),
983 1435 1315 1533 0000100000(4046);

144 1559 253 1631 Proeto
263 1558 379 1654 prodor
394 1558 529 1656 (4088),
546 1572 632 1650 etc.;
655 1571 689 1633 et
711 1559 745 1632 in
766 1558 931 1632 memoria
949 1581 1070 1633 revoca
1084 1559 1238 1656 exempla
1258 1559 1316 1632 illa

146 1705 221 1777 quae
237 1705 349 1779 nuper
364 1683 554 1773 attulimus,
570 1683 630 1757 ubi
644 1683 790 1758 latinum
813 1686 834 1757 b
858 1705 939 1754 cum
953 1683 1152 1778 germanico
1169 1684 1316 1780 conjun-

145 1805 236 1899 gitur
261 1804 520 1901 (flaconem...
559 1807 725 1902 hostem).
755 1807 876 1901 Neque
901 1805 1010 1878 hoca
1042 1819 1162 1879 natura
1196 1805 1314 1880 latinae

145 1927 350 2025 antiquioris
368 1927 495 2024 linguae
512 1930 699 2004 abhorrere
714 1931 860 2019 videtur,
882 1940 920 2003 ut
935 1930 1028 2003 clare
1049 1942 1192 2028 apparet
1210 1956 1228 2006 e
1247 1933 1316 2006 ior-

145 2050 211 2123 mis
230 2052 322 2140 oeci,
344 2053 452 2137 treet,
473 2064 615 2139 uectum,
638 2064 788 2125 tractum
812 2051 949 2147 (ecclesi,
978 2053 1145 2150 coclitem)
1177 2075 1196 2126 a
1224 2055 1314 2141 celeo,

145 2177 242 2249 trodo
258 2174 454 2247 derivarist.
476 2173 572 2249 Adde
591 2177 683 2271 quod
704 2176 874 2272 usquead
894 2177 989 2250 hunc
1016 2177 1109 2250 diem
1132 2178 1314 2274 gutturali-

146 2299 211 2373 bus
229 2299 323 2373 sonis
346 2299 581 2372 Helvetiorum
605 2300 841 2396 pronuntiatio
866 2301 1015 2374 maxime
1041 2300 1206 2376 abundat.
1244 2359 1247 2365 .

193 2425 364 2519 LitteraJ
384 2438 552 2521 quantum
574 2426 679 2499 distet
700 2449 718 2498 a
741 2437 856 2500 nostra
882 2426 1004 2522 gallica
1025 2428 1062 2499 in
1081 2428 1195 2501 verbis
1211 2429 1315 2523 jetcr,

145 2550 273 2642 joococ’s
300 2573 338 2622 ex
366 2550 421 2622 his
445 2551 621 2646 juncturis
649 2551 845 2647 perspicere
869 2560 986 2647 potes:
1022 2553 1315 2642 004080100-

144 2675 214 2744 tc'oo
236 2677 297 2760 te‚·
325 2673 429 2763 4405,
460 2674 527 2747 otte
554 2673 709 2760 {coebum
732 2674 816 2764 630,
846 2676 939 2748 leste
967 2686 1169 2770 conceperat
1198 2677 1314 2762 irone·

145 2795 227 2886 636,
246 2799 321 2868 doru
334 2801 444 2868 ttecor
459 2798 625 2892 impedio·
645 2797 752 2888 4096,
777 2799 935 2871 lecit...
958 2800 1003 2871 te
1018 2800 1114 2883 4000·
1137 2798 1244 2890 4347,
1269 2797 1318 2871 Et

145 2924 270 2993 toron...
286 2925 423 3017 teroem
447 2922 555 3014 4383,
580 2928 640 2996 lo
658 2921 775 2995 medio
795 2924 928 3009 lecton·
942 2923 1050 3013 4405,
1074 2924 1233 2997 Francos
1257 2927 1318 2998 ott

145 3048 221 3115 tenc
235 3044 384 3130 debinc·
412 3044 447 3115 in
478 3045 604 3139 quibus
628 3044 814 3120 minimum
829 3056 921 3118 certe
941 3044 1130 3118 discrimen
1152 3047 1243 3120 inter
1259 3069 1318 3121 vo-

146 3167 254 3239 celem
270 3178 304 3239 et
319 3179 570 3256 consonantem
586 3178 719 3240 exstare
733 3167 880 3241 videtur.

117 3322 147 3416 Vr
193 3290 238 3362 Ut
264 3293 327 3362 c‘et
341 3292 372 3387 j,
388 3290 488 3366 sicu
509 3301 543 3363 et
557 3311 588 3366 v
604 3314 670 3364 una
690 3301 724 3363 et
739 3290 860 3363 eadem
884 3288 998 3361 littera
1017 3299 1197 3361 notantur:
1221 3288 1314 3383 quod

147 3415 221 3487 sine
249 3415 355 3488 dubio
379 3414 521 3504 indicat,
551 3415 651 3488 utin
684 3412 879 3503 scribendo
904 3411 954 3485 sic
986 3412 1023 3516 in
1055 3410 1314 3508 pronuntiando

146 3537 253 3610 fuisse
271 3538 408 3633 utrique
423 3537 554 3632 atiquid
574 3536 803 3632 cognationis.

194 3661 321 3734 Versus
340 3660 435 3733 4443
450 3684 557 3757 quum
577 3663 613 3732 in
634 3660 731 3734 libris
755 3658 918 3731 omnibus
938 3657 989 3731 sic
1010 3656 1175 3728 refertur:
1196 3656 1316 3729 Hostis

145 3794 177 3855 ct
188 3782 361 3855 conchem
371 3783 507 3869 uellent,
522 3783 670 3856 libenter
684 3781 846 3881 equidem
860 3801 940 3853 cum
950 3777 1097 3874 Peipero
1112 3800 1176 3874 pro
1192 3778 1314 3851 vitiosa

145 3904 234 3977 hanc
248 3905 433 3977 lectionem
452 3903 647 3994 habuerim,
665 3901 944 3997 crediderimque
965 3899 1002 3970 in
1021 3900 1206 3997 archetypo
1224 3901 1316 3974 hanc

133 4013 312 4098 ¹veriorem
331 4026 455 4099 suisset
476 4026 592 4099 Hostis
611 4035 643 4096 ec
657 4036 705 4096 00
719 4022 851 4096 uellent
864 4020 993 4100 urbem.
1010 4021 1072 4117 (De
1087 4020 1233 4095 inversis
1248 4046 1314 4095 nu-

132 4149 248 4248 meris
265 4138 429 4223 uersuum
443 4149 480 4221 in
498 4146 530 4220 τό
547 4147 622 4219 vide
638 4145 754 4242 inira.)
772 4147 888 4232 Quum
902 4167 982 4218 vero
1001 4145 1074 4216 haec
1095 4143 1252 4218 recensio
1272 4145 1315 4217 ab

144 4272 307 4347 omnibus
328 4270 598 4362 correctoribus,
616 4281 649 4343 et
666 4269 808 4366 quidem
825 4293 844 4342 a
863 4281 881 4358 β
906 4282 939 4341 et
959 4304 990 4365 γ,
1009 4268 1059 4342 rei
1080 4267 1233 4341 metricae
1248 4267 1316 4339 mi-

185 4556 207 4604 1.
224 4552 260 4604 Gt.
280 4553 380 4619 arium,
395 4567 419 4616 p.
435 4565 486 4618 uxr,
502 4551 528 4601 et
541 4548 635 4617 Peiper,
654 4561 679 4611 p.
695 4561 749 4600 xm.
