3472 5648
741 538 982 614 ..38-

329 705 429 790 Quod
452 715 504 779 est
532 706 575 779 de
597 704 703 779 altera
728 721 823 803 parte
846 728 983 803 pugnae,
1007 729 1083 802 quae
1107 730 1126 780 a
1146 707 1339 780 Waltbario
1366 731 1445 782 con·

280 840 331 901 tra
351 831 442 903 solos
458 831 681 924 Haganonem
704 841 738 903 et
762 830 993 904 Guntbarium
1015 842 1174 904 conserta
1196 845 1260 922 est,
1283 841 1317 904 et
1342 831 1445 928 hujus

280 952 397 1026 locum
420 953 626 1027 certioribus
651 953 859 1027 testimoniis
881 953 1036 1027 indicare
1063 976 1164 1050 posse
1189 954 1255 1028 sibi
1277 955 1372 1028 visus
1397 967 1448 1029 est

278 1075 444 1151 Becker¹.
469 1075 557 1149 Nam
577 1077 790 1150 Waltbarius
820 1075 863 1150 ab
895 1076 1029 1149 oriente
1058 1075 1199 1150 veniens
1232 1077 1269 1151 in
1301 1078 1447 1175 patriam
1574 1103 1578 1110 ·

280 1200 372 1297 (sive
402 1199 658 1296 Lingonensem
691 1181 885 1296 regionem,
915 1200 985 1273 sive
1022 1198 1266 1298 Aquitaniam)
1296 1201 1443 1276 redibat.

279 1325 371 1420 Ergo
388 1323 439 1396 illi
455 1346 517 1421 per
534 1324 707 1420 Vosagum
725 1334 918 1397 transverse
938 1324 1004 1397 iter
1025 1323 1241 1417 faciendum;
1262 1324 1297 1397 id
1318 1337 1371 1399 est
1385 1349 1447 1420 per

273 1450 366 1526 uiam
389 1473 466 1547 quae
488 1450 616 1524 nostris
636 1449 760 1523 diebus
777 1472 796 1522 a
815 1473 903 1548 pago
927 1449 1113 1524 Steinbaob
1130 1450 1299 1542 Bioinam‚
1322 1462 1448 1547 praeter
1551 1535 1552 1538 Ἴ

279 1572 398 1646 ruinas
422 1571 572 1647 coenobii
596 1572 858 1663 Strirzelbronn,
874 1569 984 1646 du'eit.
1009 1573 1071 1646 Est
1098 1583 1214 1646 autem
1237 1576 1447 1672 non‘proeul

280 1696 322 1771 ab
341 1699 409 1771 hoc
424 1696 596 1788 coenobio,
624 1698 661 1769 in
691 1697 842 1793 regione,
866 1719 943 1793 quae
962 1697 1101 1795 proprio
1129 1699 1270 1771 nomine
1295 1725 1312 1770 u
1333 1700 1448 1774 Wasi·
1478 1777 1484 1791 ,

281 1823 481 1896 obenfirstn
509 1821 662 1919 (eulmen
684 1820 824 1917 Vosagi)
844 1833 997 1911 vocatur,
1021 1845 1129 1919 pagus
1152 1823 1294 1918 quidam
1317 1823 1374 1896 eui
1393 1847 1451 1898 us·

281 1969 348 2043 que
367 1946 411 2019 ad
437 1946 526 2018 banc
553 1944 646 2018 diem
669 1971 686 2014 «
709 1945 955 2041 Herzogshand
970 1972 1002 2037 a,
1028 1945 1188 2041 gallice«
1216 1947 1263 2019 La
1287 1947 1381 2020 main
1404 1947 1453 2020 du

281 2071 451 2162 Prinne),
463 2093 590 2143 nomen
605 2070 677 2159 est;
695 2079 850 2142 ceterum
864 2069 901 2140 in
916 2091 1002 2167 rupe
1018 2069 1177 2165 quadam,
1194 2071 1451 2167 propterviam,
1526 2139 1528 2143 ,

281 2211 424 2269 manum
442 2194 591 2268 excisam
606 2190 719 2266 adhue
740 2193 855 2266 videre
880 2203 943 2266 est.
963 2195 1046 2280 Quae
1070 2216 1150 2268 vero
1171 2194 1216 2267 sit
1242 2194 1453 2288 significatio

282 2319 387 2416 hujus
402 2318 555 2392 nominis
569 2328 672 2414 atque
685 2313 791 2413 hujus
806 2341 942 2409 manus,
956 2320 1007 2393 vei
1023 2319 1145 2394 saltem
1160 2343 1237 2416 quae
1252 2319 1322 2394 illis
1337 2321 1380 2394 ab
1395 2322 1453 2394 in-

247 2444 249 2448 ’
285 2442 370 2517 coiis
388 2442 573 2534 tribuatur,
592 2465 611 2515 e
630 2440 745 2514 fabula
765 2438 898 2515 disaere
913 2444 1069 2540 potueris
1083 2467 1187 2541 quam
1204 2445 1295 2518 inter
1319 2468 1355 2519 se
1374 2468 1456 2519 nar-

283 2576 361 2639 rant
375 2567 418 2639 de
430 2566 595 2639 iratribus
611 2564 819 2662 quibusdam
832 2566 980 2656 duobus,
993 2567 1209 2664 principibus
1224 2590 1243 2640 a
1258 2568 1456 2644 Schoeneck

283 2703 316 2766 ot
343 2691 503 2781 Wineck,
527 2714 675 2787 quorum
699 2689 785 2764 alter
808 2691 920 2779 alteri,
941 2701 1123 2788 postquam
1149 2690 1193 2765 de
1215 2691 1347 2788 virgine
1368 2717 1457 2789 qua-

284 2815 364 2888 dam
389 2814 594 2888 vindicanda
616 2837 731 2910 pugna
754 2825 829 2887 orta
852 2814 928 2905 suit,
947 2813 1100 2902 dextram
1124 2815 1284 2890 abscidit.
1314 2815 1378 2888 Cui
1406 2819 1458 2891 fa·

285 2938 384 3012 bellae
404 2962 483 3013 oum
507 2950 635 3029 nostra,
657 2948 695 3011 ut
710 2939 815 3028 vides,
841 2950 935 3012 tanta
963 2937 1153 3014 simiiitudo
1180 2951 1243 3030 est,
1266 2951 1304 3014 ut
1320 2940 1372 3012 vix
1392 2941 1459 3015 du·
1494 2923 1497 2927 ⁵

285 3062 382 3135 bium
410 3085 485 3136 εεεε
513 3062 634 3157 possit,
660 3062 744 3158 quin
772 3062 882 3135 ambae
920 3061 1023 3135 unius
1047 3073 1081 3135 et
1104 3062 1261 3159 ejusdem
1293 3062 1455 3140 diversas

286 3171 619 3285 speeiespraebeant.
1112 3168 1114 3174 Α

325 3426 348 3475 1.
366 3421 393 3474 t.
407 3437 442 3490 n,
457 3438 482 3487 p.
501 3424 561 3475 315.
