3472 5648
744 539 983 613 -10-

277 724 382 797 quam
399 702 465 776 sibi
485 704 709 778 adhibuerint
727 703 831 778 Attila
851 713 886 777 et
906 704 1035 778 Helohe
1055 703 1286 795 sedulitatem,
1305 714 1453 802 quanta-

277 846 345 919 que
360 825 564 901 liberalitate
584 828 809 924 semetipsum
825 838 858 900 et
872 825 1126 922 Hildegundam
1141 827 1291 899 retinere
1307 827 1452 900 studue-

278 948 378 1040 riot¹,
398 964 574 1048 postremo
588 963 724 1048 -quanto
743 974 824 1025 cum
843 950 961 1024 labore
978 951 1070 1047 apud
1084 951 1246 1024 Rhenum
1264 951 1360 1024 solus
1373 950 1452 1046 ipse

276 1072 430 1147 hostium
446 1075 614 1171 impetum
625 1075 832 1149 sustinuerit
840 1073 862 1148 ¹.
874 1076 948 1160 Qua
962 1075 999 1146 in
1014 1066 1211 1147 narratione
1225 1073 1312 1146 nihil
1329 1083 1393 1163 est,
1410 1084 1453 1145 ut

279 1195 384 1285 vides,
401 1197 494 1291 quod
510 1196 634 1270 fabulae
653 1207 870 1285 nostraenon
892 1206 1071 1292 congruat,
1092 1209 1126 1269 et
1143 1197 1294 1292 quodam
1309 1195 1415 1268 modo
1432 1217 1452 1267 e

278 1318 433 1392 carmine
451 1330 571 1394 nostro
586 1331 786 1418 excerptum
797 1320 964 1393 videatur.
976 1319 1086 1392 Porro
1101 1318 1137 1390 in
1152 1319 1453 1416 eodempoemate

279 1465 388 1538 quum
412 1443 531 1515 Attila*
547 1443 680 1517 bellum
703 1466 783 1517 cum
810 1443 1001 1516 Gunthario
1029 1453 1184 1538 gereret,
1213 1441 1451 1516 Waltharium

278 1564 442 1638 eumdem
471 1567 693 1657 wormatia,
725 1577 867 1640 auctore
896 1568 1103 1662 Haganone,
1130 1564 1317 1639 auxiliandi
1343 1557 1453 1638 causa

278 1687 484 1761 arcessitum
494 1689 700 1786 reporimus,
714 1711 850 1762 necnon
866 1699 899 1762 et
910 1688 1166 1783 Hildegundam
1177 1687 1358 1778 comitem3
1371 1709 1452 1783 quae

279 1827 388 1899 quum
404 1826 422 1875 a
438 1804 627 1901 Rudigero,
643 1804 798 1878 hunnioo
810 1804 933 1900 legato,
945 1804 1053 1876 multa
1069 1802 1224 1876 derebus
1236 1801 1401 1875 hunnicis
1416 1813 1454 1875 et

279 1925 323 1997 de
338 1925 458 2020 regina
470 1925 601 1999 Helche
613 1926 793 2023 perquirit,
805 1936 880 1998 tum
891 1925 1005 2016 etiam,
1016 1937 1170 2000 revocata
1189 1925 1224 1997 in
1241 1925 1453 1998 memoriam

280 2046 359 2140 luga
385 2047 442 2120 illa
464 2071 546 2121 cum
576 2049 781 2140 Walthario,
808 2049 946 2145 j0catur
960 2049 995 2120 in
1013 2049 1216 2122 ebrietatem
1234 2049 1450 2121 Hunnorum

280 2169 371 2240 inter
391 2170 524 2265 epulas,
547 2172 588 2243 ad
610 2172 790 2245 celandam
811 2173 928 2268 fugam
949 2196 967 2245 a
990 2172 1181 2245 Walthario
1203 2171 1316 2268 pridie
1340 2174 1450 2269 appo'·

281 2289 363 2362 sitas
373 2288 396 2365 ³.
1141 2303 1143 2306 ’
1302 2313 1304 2317 ·

328 2411 421 2507 Ergo
434 2435 506 2486 non
522 2415 804 2510 praetereundum
819 2425 871 2488 est
883 2415 1193 2488 Waltharium'hac
1211 2416 1248 2487 in
1264 2415 1381 2488 tabula
1395 2438 1453 2490 so-

281 2536 374 2607 cium
395 2560 563 2634 apparere
590 2537 817 2628 Francorum,
837 2538 973 2632 qualem
993 2537 1081 2609 infra
1108 2537 1143 2609 in
1167 2538 1274 2612 altero
1291 2547 1453 2635 poemate

281 2684 361 2736 mox
372 2661 577 2734 videbimus.
592 2659 749 2733 Notanda
762 2683 899 2756 quoque
910 2683 972 2733 vox
988 2660 1190 2757 Kerb‘opea,
1207 2662 1301 2735 unde
1320 2674 1456 2736 nomen

282 2786 368 2858 illud
387 2812 404 2856 «
421 2784 580 2859 Walthcr
597 2806 664 2856 von
683 2783 874 2877 Kerlingen
895 2809 912 2853 r>
939 2785 1032 2880 quod
1046 2786 1162 2860 herois
1178 2787 1300 2876 nostri,
1322 2788 1359 2860 in
1378 2810 1457 2860 car·

282 2909 435 2981 minibus
453 2909 624 2980 Dietrt'chs
644 2905 776 2991 Fluelct,
799 2907 963 3002 Alpltcrts
986 2908 1066 2995 Tod,
1085 2907 1331 3005 Rorenporton,
1356 2921 1391 2983 et
1415 2911 1452 2984 in

282 3031 474 3127 appendice
494 3029 574 3101 libri
593 3028 675 3101 dicti
697 3028 849 3102 Heroum
869 3029 1113 3126 (Holdenbuclt)
1136 3032 1318 3128 proprium
1337 3047 1369 3106 et
1391 3057 1456 3130 pe·

283 3154 412 3225 culiare
440 3160 503 3224 est.
537 3150 576 3222 ln
605 3150 680 3245 ipso
709 3150 887 3245 Biterolso,
913 3174 1338 3248 quanquam-cognomen
1367 3155 1457 3228 illud

286 3303 304 3346 r
326 3299 392 3349 von
408 3274 634 3369 Kerliugeut
656 3297 728 3346 non
748 3273 921 3370 adjicitur,
942 3276 1048 3348 trium
1070 3299 1271 3372 regnorum,
1296 3280 1456 3354 Carolinss

283 3400 359 3495 giae,
386 3397 586 3492 Arragoniae
612 3406 646 3468 et
668 3396 827 3468 Navarrae
851 3397 1013 3494 princeps
1037 3421 1112 3473 esse
1134 3399 1333 3492 relertur⁴;
1358 3403 1457 3476 unde

284 3543 355 3593 non
366 3521 470 3593 semel
483 3542 541 3591 rex
552 3517 726 3614 Hispaniae
740 3521 928 3614 vocaturh(
939 3520 1057 3616 Kunig
1068 3545 1133 3594 von
1145 3524 1327 3619 Spdnilant
1337 3551 1371 3616 u,
1384 3549 1457 3622 quo

284 3643 453 3717 vocabulo
469 3644 572 3715 etiam
586 3641 623 3711 in
640 3640 854 3736 Nibclunpea
869 3641 1043 3737 designari
1062 3647 1149 3717 solet
1169 3673 1186 3717 «
1204 3647 1334 3743 Spdnje
1353 3649 1453 3722 Wal-

284 3766 447 3861 therlrl.
1273 3775 1277 3781 '

334 3892 446 3985 Atque
470 3887 593 3959 tertius
618 3907 758 3981 quoque
779 3885 901 3960 titulus
924 3888 975 3960 illi
1007 3889 1182 3962 interdum
1213 3893 1453 3968 adscribitur:

324 4121 348 4172 1.
364 4119 401 4170 Gt.
420 4119 600 4180 walthardus,
616 4131 642 4167 r.
660 4117 710 4168 703
727 4129 766 4179 sq.

322 4211 347 4259 2.
364 4205 488 4270 Baterols,
504 4218 545 4256 uu.
564 4207 614 4254 575
631 4217 682 4271 su,
697 4231 733 4240 -
749 4205 798 4255 616
813 4216 864 4269 sq.‚
880 4230 916 4265 ,-
931 4209 981 4257 763
997 4219 1048 4273 su,
1064 4231 1100 4240 -
1115 4213 1166 4260 755
1182 4223 1220 4272 sq.

322 4296 348 4345 3.
365 4294 409 4344 vv.
426 4293 560 4358 marso,
578 4295 646 4342 6275
662 4305 713 4359 sq,
731 4293 796 4342 6891
814 4304 865 4357 su,
883 4294 951 4344 7616
966 4306 1016 4360 sm,
1037 4296 1120 4348 12632
1137 4310 1176 4360 sq.

321 4384 349 4434 4.
366 4380 403 4431 (ll.
421 4378 521 4445 Gn'mm,
542 4379 710 4443 waltharius,
728 4393 753 4442 p.
772 4380 831 4447 199,
848 4382 874 4430 et
887 4381 1019 4430 Dectrche
1031 4384 1208 4448 Heldcasoqe,
1226 4399 1251 4448 p.
1264 4390 1308 4438 95.
1413 4439 1416 4444 ,

323 4475 348 4522 5.
366 4468 402 4518 ct.
419 4467 591 4531 Nideluapec,
615 4469 661 4517 str.
696 4467 762 4519 1694
787 4467 913 4532 612281,
938 4470 963 4517 et
983 4471 1107 4533 Bitcrols,
1131 4486 1171 4522 vv.
1197 4475 1258 4540 576,
1286 4475 1348 4544 615,
1373 4479 1456 4547 3945,

288 4551 367 4614 5686,
385 4547 464 4611 6223,
482 4544 561 4611 6854,
580 4545 659 4611 7619,
679 4546 773 4612 10999,
792 4547 886 4597 12656.
