3472 5648
672 601 716 612 -
768 560 834 632 lot
893 603 937 612 —-

220 724 402 821 capitalem
427 725 454 796 N
479 747 582 820 quam
607 725 770 797 omissam
793 725 1060 821 suspicabantur
1082 724 1226 809 librarii,
1252 726 1391 800 addide-

220 860 312 938 runt,
330 849 375 921 ita
391 859 429 920 nt
444 848 575 944 aliquid
592 850 667 921 voci
682 850 825 943 Nepotio
848 872 918 920 non
935 848 1092 922 absimile
1109 849 1279 937 evaderet,
1298 852 1390 946 quod

219 972 350 1068 recepit
364 1009 395 1050 α.
414 972 572 1066 Scriptor
589 999 609 1059 γ
631 985 751 1045 contra
766 958 891 1044 *eodem
911 994 1029 1044 errore
1054 995 1122 1042 non
1149 973 1290 1045 delusus
1317 973 1393 1046 Tuli

218 1107 299 1166 trano
313 1117 391 1190 erpo
408 1094 558 1190 scripsit,
574 1095 665 1190 quod
682 1096 710 1166 B
726 1095 880 1167 servavit.

268 1219 386 1315 Neque
410 1220 516 1292 semel
542 1219 646 1292 fiebat
665 1233 702 1293 ut
724 1220 851 1314 singuli
872 1219 1004 1293 librarii
1029 1221 1065 1291 in
1090 1221 1164 1315 ipso
1188 1220 1232 1303 n',
1263 1221 1298 1291 in
1322 1221 1390 1293 illis

221 1341 360 1435 quidem
374 1341 471 1429 locis,
488 1341 546 1436 qui
567 1341 684 1413 minus
706 1341 812 1412 lucidi
834 1342 1049 1426 videbantur,
1070 1342 1289 1435 conjecturas
1310 1366 1390 1415 suas

221 1475 404 1560 ponerent;
428 1465 518 1559 quod
541 1464 642 1559 plane
661 1476 803 1561 apparet
824 1465 860 1535 in
877 1491 905 1536 V.
932 1466 1039 1547 last,
1057 1488 1161 1559 quem
1190 1465 1232 1536 ab
1248 1478 1389 1537 anctore

221 1589 323 1662 talem
340 1589 526 1660 formatum
541 1589 831 1661 monstravimus:

329 1797 387 1871 Qut
400 1799 471 1860 dum
485 1801 562 1877 forte
577 1817 700 1859 rouonm
718 1800 809 1858 miser
823 1799 987 1859 exeruisset
1001 1799 1157 1858 inermem.

266 2056 376 2128 Voces
396 2077 476 2128 vero
497 2057 622 2128 tuerat.
643 2057 750 2128 irrisor
770 2079 877 2150 quum
899 2067 1014 2129 essent
1035 2057 1070 2128 in
1096 2056 1274 2128 communi
1295 2058 1388 2128 fonte

218 2187 296 2249 ante
320 2178 509 2248 reuertisset
533 2177 666 2274 positae,
697 2178 899 2274 excogitavit
919 2178 1083 2250 librarius
1103 2180 1155 2251 vel
1181 2188 1387 2250 retractator

217 2299 545 2394 aliquisouormitcr,
564 2322 629 2373 nec
645 2301 757 2372 solum
773 2301 855 2394 legit
870 2311 904 2374 et
919 2301 955 2372 in
977 2324 1079 2372 suum
1097 2301 1225 2373 librum
1241 2301 1385 2395 recepit,

217 2423 276 2495 sed
298 2423 413 2519 ipsum
435 2423 591 2496 codicem
607 2424 765 2514 correxit,
785 2424 831 2496 ita
851 2435 888 2496 ut
909 2434 1028 2520 postea
1053 2423 1330 2496 describentibus
1349 2424 1386 2495 li·

217 2544 340 2620 brariis
356 2580 377 2621 α
388 2555 454 2641 etp
470 2544 556 2616 nihil
568 2545 634 2618 nisi
652 2547 839 2618 enormiter
855 2557 1046 2644 appareret.

260 2668 342 2742 Tale
363 2668 491 2763 aliquid
512 2668 625 2741 evenit
644 2694 674 2740 v.
695 2669 803 2759 1170,
827 2670 887 2743 ubi
911 2707 932 2748 α
948 2701 968 2761 γ
987 2670 1113 2742 salsum
1135 2668 1222 2740 illud
1249 2669 1383 2742 Uiracit't
1438 2719 1442 2730 ·

216 2793 381 2882 referunt,
398 2792 481 2863 dum
496 2791 524 2862 b
541 2801 633 2864 reete
648 2791 787 2866 Uiuoeit
801 2794 904 2883 equi.
924 2793 1056 2865 Uineir't
1066 2815 1147 2866 vero
1161 2793 1254 2864 unde
1270 2793 1383 2865 veniat

215 2917 369 2990 lucidum
386 2917 447 2990 tibi
464 2919 534 3005 liet,
547 2918 575 2991 si
591 2918 741 3010 glossam
758 2919 881 3014 legeris
899 2943 974 3014 quae
992 2943 1053 3014 pro
1069 2919 1267 3014 insequenti
1278 2919 1382 2991 verbo

215 3043 294 3136 equi
322 3051 439 3137 postea
463 3040 595 3112 intrusa
622 3039 697 3130 luit,
722 3063 845 3136 nempe
864 3041 920 3135 ttj
937 3041 965 3112 A
985 3042 1024 3129 T,
1046 3042 1084 3113 lu'
1108 3050 1190 3128 cet.;
1219 3063 1282 3134 ego
1304 3063 1382 3113 vero

215 3165 303 3237 addo
318 3167 357 3238 ii.
377 3165 477 3251 Quod
494 3189 601 3260 quum
620 3164 771 3261 positum
789 3165 891 3237 luerit
911 3188 1015 3260 supra
1036 3165 1155 3238 Uincc't
1176 3164 1226 3237 vel
1243 3164 1380 3254 Uinarit,

214 3288 346 3361 librarii
371 3312 439 3361 non
466 3287 684 3383 suspicantes
711 3309 903 3382 pronomen
931 3309 1018 3373 esso,
1047 3286 1113 3381 ipsi
1134 3285 1236 3358 verbo
1265 3287 1382 3359 Uinet't

215 3412 432 3485 addiderunt.

263 3536 426 3611 Codicem
442 3559 524 3631 ergo
549 3548 706 3609 nostrum
729 3535 762 3607 ω’
792 3542 1015 3607 retractatum
1040 3532 1147 3605 luisse
1162 3555 1379 3629 unaquaeque

215 3661 345 3758 pagella
376 3663 518 3753 clamat,
549 3684 614 3735 nec
641 3661 753 3733 solum
782 3669 1027 3748 retractatum,
1058 3657 1117 3731 sed
1148 3657 1251 3730 etiam
1281 3658 1379 3730 novis

212 3784 368 3858 versibus
384 3795 536 3857 auctum.
554 3784 730 3875 Librump
747 3783 896 3856 diximus
914 3793 1062 3877 quatuor
1076 3780 1233 3854 versibus
1249 3791 1282 3853 et
1299 3803 1378 3877 pro·

213 3906 289 4002 logo
310 3917 524 3998 exornatum,
542 3907 601 4004 qui
626 3906 661 3978 in
685 3905 809 3978 ceteris
835 3904 932 3977 libris
953 3904 1218 3976 desiderantur:
1240 3902 1376 3979 deside·
1418 3951 1422 3957 -

213 4041 333 4101 rantur
354 4029 390 4101 in
410 4031 424 4102 l
447 4040 512 4122 etp
534 4055 563 4101 v.
583 4028 666 4120 310,
693 4027 727 4099 in
750 4046 767 4123 p
785 4027 842 4117 19,
859 4026 948 4114 7t3;
974 4048 1073 4121 qum,
1095 4047 1176 4096 cum
1195 4024 1236 4097 ad
1254 4025 1378 4098 intelli·

212 4153 364 4245 gendum
397 4151 512 4224 locum
541 4151 684 4224 minime
714 4149 901 4223 necessarii
935 4148 1015 4238 sint,
1050 4147 1102 4219 vix
1140 4147 1235 4220 credi
1265 4160 1378 4244 potest

211 4277 343 4350 librarii
358 4275 589 4374 imprudentia
606 4277 780 4372 neglectos
795 4275 912 4349 luisse.

258 4398 347 4483 Quid
365 4410 480 4471 autem
496 4397 525 4470 si
541 4420 580 4470 ex
596 4397 650 4470 his
666 4408 700 4471 et
715 4397 990 4470 correctionibus
1009 4406 1043 4468 et
1067 4395 1182 4468 lituris
1200 4405 1234 4467 et
1249 4394 1375 4469 additis

212 4523 297 4596 locis
312 4521 528 4618 singulorum
542 4544 709 4617 generum
723 4544 834 4594 aevum
859 4521 933 4592 erui
950 4519 1083 4616 possit?
1106 4519 1312 4591 Revocanda
1339 4519 1375 4590 in
