3472 5648
613 564 853 637 ..113-

146 727 247 800 verba
263 725 424 816 faciendi,
441 726 508 799 nisi
520 727 556 799 in
567 727 631 800 hac
642 726 748 799 altera
765 737 862 823 parte
881 726 1008 800 novum
1023 731 1209 824 quemdam
1224 731 1315 805 Wal-

142 849 295 923 tharium
310 849 626 947 deprehendamus
643 873 662 922 3
679 861 798 923 nostro
813 849 1003 943 diversum,
1021 851 1092 925 imo
1107 875 1206 949 paene
1222 853 1316 950 igna-

141 996 234 1063 vum,
255 971 316 1068 qui
337 971 374 1044 in
401 970 651 1045 certaminibus
676 971 779 1068 interj
795 994 925 1046 uvcnes
944 973 982 1045 in
1006 974 1101 1070 regia
1129 975 1314 1051 celebratis

142 1096 349 1192 plerumque
365 1118 401 1169 se
417 1095 576 1192 superari
591 1096 753 1192 patiatur.

193 1220 244 1292 Ex
261 1220 327 1293 hac
340 1218 494 1316 bicipite,
509 1230 549 1292 ut
563 1219 607 1294 ita
623 1220 749 1310 dicam,
771 1241 919 1317 persona
939 1220 1121 1295 Waltharii
1137 1221 1173 1295 in
1189 1223 1312 1298 eodem

145 1343 235 1420 libro
255 1343 399 1442 praebita
419 1345 521 1441 plane
538 1355 680 1441 apparet
701 1367 741 1418 ex
759 1343 897 1418 duobus
910 1344 963 1418 vel
981 1345 1141 1442 pluribus
1157 1348 1313 1423 sontibus

147 1467 615 1566 librumipsumcontluxisse
628 1469 754 1565 (neque
765 1467 879 1565 reipsa
893 1467 1112 1567 Vildinoropo
1124 1471 1314 1569 quidquam

147 1595 242 1668 aliud
256 1605 308 1669 est
326 1595 393 1669 nisi
411 1595 610 1692 compilatio
631 1593 845 1668 diversarum
860 1593 1081 1693 fabularum).

195 1717 307 1815 Hujus
321 1717 417 1791 modi
427 1718 574 1791 mixtura
590 1719 627 1790 in
643 1741 753 1790 unum
763 1717 924 1792 videntur
935 1720 1152 1794 concrevisse
1160 1721 1314 1794 Waltha-

146 1841 237 1914 rium
255 1842 438 1916 Waltharii
459 1843 526 1916 ittae
541 1843 617 1916 duae
643 1864 800 1939 personae
820 1865 897 1939 quae
916 1841 1071 1916 eminent
1093 1841 1128 1915 in
1151 1842 1314 1917 Chronico

145 1963 382 2040 Novalioieost'
390 1966 412 2056 ¹,
439 1988 508 2038 una
533 1965 642 2038 nostri
668 1965 796 2055 herois,
822 1966 926 2039 altera
946 1965 1109 2040 monachi
1134 1967 1315 2064 cujusdam

146 2088 302 2186 ejusdem
319 2089 481 2163 nominis.

194 2214 304 2287 Porro
331 2211 451 2309 paucis
473 2236 512 2286 33
534 2212 871 2310 comprehendamus
898 2236 975 2308 quae
1006 2213 1042 2286 in
1067 2215 1134 2288 hoc
1154 2214 1243 2289 libro
1269 2215 1314 2289 le·

147 2347 289 2432 guntur.
1269 2400 1272 2407 ,

197 2461 278 2556 Cap.
293 2458 364 2550 Vll,
379 2471 512 2549 auctor,
530 2468 712 2556 postquam
732 2457 850 2530 retulit
877 2485 893 2528 3
915 2459 952 2530 in
970 2459 1181 2534 monasterio
1199 2460 1314 2557 prisco

147 2581 310 2658 hahuisse
323 2583 699 2678 temporemonachum
710 2580 1062 2677 quemdamolitorem
1073 2581 1315 2657 nomineWal-

150 2704 281 2784 tharius
296 2704 375 2801 (cic)
387 2704 494 2779 nobiti
511 2715 626 2779 ortum
642 2715 820 2800 stegmate,
833 2726 872 2777 ac
884 2704 990 2800 regali
1005 2716 1226 2803 procreatum
1241 2729 1317 2807 san·

147 2828 253 2925 guine
275 2854 313 2919 3,
334 2827 384 2902 sic
403 2828 534 2927 pergit:
559 2855 577 2900 r
601 2829 665 2902 Hic
688 2843 767 2925 post
784 2829 893 2900 multa
917 2828 1036 2926 praelia
1055 2841 1089 2904 et
1111 2830 1218 2922 bella,
1239 2853 1316 2927 quae

148 2950 292 3026 viriiiter
309 2953 346 3024 in
361 2954 487 3026 saeculo
502 2964 667 3048 gesserat,
685 2975 764 3025 cum
772 2951 844 3048 jam
858 2974 968 3050 prope
984 2975 1112 3051 corpus
1127 2953 1202 3050 ejus
1218 2953 1316 3028 senio

146 3076 389 3166 conficeretur,
415 3077 618 3149 recordatus
644 3077 798 3172 pondera
825 3098 968 3150 suorum
991 3077 1206 3151 delictomm'
1223 3101 1263 3168 a,
1280 3077 1317 3150 in

146 3199 384 3273 Novalioiense
409 3199 621 3289 coenobium,
647 3209 766 3295 utpote
788 3199 825 3271 in
850 3221 918 3295 quo
944 3200 1171 3274 «districtior
1194 3224 1314 3275 norma

147 3322 430 3414 custodiretur»,
447 3333 624 3419 assumpto
646 3321 766 3395 habitu
788 3323 996 3414 monachali,
1018 3348 1093 3398 sese
1116 3327 1258 3423 recepit,
1281 3336 1315 3399 et

146 3458 268 3544 sponte
283 3448 444 3543 protinus
459 3448 573 3521 cultor
587 3446 679 3519 horti
695 3446 839 3520 effectus
856 3458 931 3520 est:

194 3573 279 3668 Cap.
296 3570 372 3644 Vlil
388 3580 422 3644 et
436 3571 484 3644 lX
498 3569 658 3668 scriptor,
672 3569 744 3665 jam
758 3569 802 3642 ad
817 3580 976 3643 nostrum
990 3561 1132 3643 carmen
1150 3593 1312 3668 progres-

146 3718 204 3768 sus
220 3696 252 3791 (a
271 3721 288 3765 3
308 3693 540 3768 metricanoro
560 3693 711 3790 quodam
733 3719 750 3763 3
771 3703 809 3766 ut
834 3692 892 3784 ait,
916 3692 1173 3790 compositum),
1196 3717 1313 3768 rerum

145 3817 303 3892 ordinem
318 3840 335 3890 a
351 3843 381 3892 v.
392 3818 439 3894 93
455 3819 497 3892 ad
513 3843 544 3891 v.
556 3816 628 3891 574
644 3815 811 3913 sequitur,
824 3828 927 3913 atque
942 3815 989 3889 ita
1004 3817 1145 3913 quidem
1160 3819 1312 3893 narratio
1388 3907 1391 3913 Ι

144 3940 303 4034 habetur,
323 3952 362 4014 ut
380 3964 459 4015 mox
474 3942 585 4038 ipsius
600 3941 702 4015 verba
722 3952 832 4037 poetae
852 3942 1059 4033 reserantur,
1079 3965 1158 4016 mox
1178 3942 1214 4015 in
1233 3943 1311 4017 bre&

145 4064 274 4138 viorem
298 4065 566 4162 pedestremque
591 4087 788 4140 sermonem
814 4065 1099 4140 contrahantur'.
1127 4066 1248 4162 Neque
1264 4079 1312 4142 ta-

180 4273 203 4325 1.
221 4272 257 4324 Gt.
274 4273 421 4344 San-Marte,
437 4275 545 4337 Bctloqc
565 4275 591 4324 V.

177 4364 203 4413 ⁶2.
220 4361 335 4413 Similiter
350 4363 375 4412 in
391 4363 474 4413 codice
488 4363 550 4414 Bibl.
572 4373 625 4424 reg.
643 4361 690 4413 921
716 4362 789 4423 Hagae
809 4373 824 4411 a
838 4359 917 4427 Peru,
934 4362 1006 4410 Meo.
1023 4361 1122 4424 Germ„
1139 4359 1182 4429 111,
1199 4362 1314 4416 708le

142 4441 208 4492 edito
225 4437 278 4506 (qui
293 4443 458 4505 fragmentum
473 4441 589 4494 carminis
603 4439 715 4492 Carolum
737 4439 848 4503 Magnum
867 4439 1016 4491 celebrantis
1027 4436 1157 4506 eontinet)
1174 4454 1263 4494 versus
1276 4442 1315 4493 la·

143 4521 197 4588 tini,
214 4522 345 4574 verborum
361 4521 447 4573 ordine
462 4520 546 4574 nescio
561 4534 610 4584 qua
625 4533 699 4572 causa
712 4519 820 4584 inverso,
836 4517 862 4569 in
876 4519 1015 4581 pedestrem
1031 4531 1174 4570 sermonem·
1185 4535 1201 4572 a
1214 4520 1314 4601 librario

144 4601 217 4653 soluti
232 4603 300 4653 sunt.
1159 4624 1162 4630 ·
1299 4606 1303 4616 '
